3509 5084
504 593 546 670 50
645 572 1336 649 unouctuscrto

500 731 568 806 Ubi
587 732 718 804 coctum
733 731 816 819 erit,
833 731 916 803 labie
935 731 1032 804 addat
1053 732 1213 827 paulatim
1227 734 1330 832 usque
1348 735 1459 823 adeo,

499 842 611 913 donec
627 866 760 912 cremor
775 839 896 912 craffus
910 840 973 911 erit
987 832 1102 915 faetus.

489 987 505 1018 ψ
545 951 756 1021 LXXXVII.
770 947 929 1019 Anulum
943 948 988 1019 sr'c
1002 947 1118 1021 facito.
1129 945 1300 1045 Siliginern
1316 965 1460 1047 purgato

496 1061 606 1147 bene,
621 1059 735 1154 postea
757 1057 791 1129 in
814 1058 948 1131 alveum
965 1057 1073 1139 indat,
1086 1082 1130 1128 eo
1151 1058 1247 1130 addat
1265 1082 1385 1153 aquam
1406 1061 1461 1132 bis

497 1171 532 1243 in
553 1172 618 1243 die.
637 1170 706 1242 Die
724 1169 858 1242 decimo
876 1193 997 1263 aquarn
1018 1168 1181 1239 exficcato
1194 1221 1206 1253 ,
1219 1187 1379 1264 exurgeto
1397 1173 1458 1242 be·

497 1307 555 1367 ne,
565 1279 599 1351 in
615 1279 717 1350 alveo
729 1299 818 1371 puro
834 1274 971 1347 misceto
986 1276 1088 1362 bene,
1100 1274 1204 1348 facito
1214 1294 1370 1372 tanquam
1385 1277 1456 1351 faex

359 1382 363 1391 ¹
496 1385 566 1462 fiat.
588 1389 626 1459 ld
646 1388 682 1457 in
703 1385 842 1458 linteum
865 1409 996 1456 novum
1024 1385 1153 1473 indito,
1173 1384 1355 1480 exprimito
1379 1413 1457 1460 cre-

378 1482 385 1517 *
495 1520 626 1568 morem
647 1494 684 1565 in
709 1493 855 1587 patinam
882 1518 1031 1577 novam,
1049 1511 1108 1564 aut
1130 1491 1166 1563 in
1191 1494 1399 1568 mortarium.
1419 1497 1457 1567 id

497 1628 601 1676 omne
618 1604 664 1677 ita
679 1601 804 1690 facito,
821 1605 858 1673 &
879 1600 1040 1674 refricato
1059 1603 1184 1673 denuo.
1210 1605 1291 1673 Eam
1307 1603 1455 1698 patinam

363 1799 366 1805 .
495 1715 532 1783 in
544 1712 618 1788 sole
630 1712 774 1806 ponit0,
787 1711 922 1784 arescat.
943 1712 1001 1782 ubi
1010 1711 1183 1801 arebit‚'iu
1195 1713 1311 1784 'aulam
1324 1738 1455 1790 novam

395 1914 398 1919 Ι
494 1824 625 1908 indito,
645 1823 723 1894 inde
741 1820 847 1896 facito
861 1848 940 1895 cum
954 1821 1037 1895 laste
1054 1841 1189 1918 coquat.

501 1960 504 1967 ·
541 1932 766 2004 Lxxxvtlt.
785 1929 896 2000 Salem
913 1930 1091 2002 candidum
1107 1929 1152 2004 fic
1166 1929 1283 2005 facito.
1299 1931 1456 2028 Amphor

495 2071 567 2118 ram
586 2044 735 2116 defracto
757 2043 851 2115 collo
872 2068 991 2138 puram
1012 2043 1153 2140 impleto
1171 2070 1266 2141 aquae
1287 2045 1455 2142 purae,in

385 2155 387 2166 '
494 2158 565 2252 sule
579 2156 702 2253 ponito
716 2182 724 2227 ε
740 2154 788 2226 ibi
801 2152 957 2228 fiscellam
977 2181 1054 2228 curn
1068 2156 1302 2253 saletpopulari
1316 2157 1455 2254 suspen·

494 2269 589 2354 dito,
609 2268 647 2339 δι
671 2265 841 2363 quassato,
863 2266 1085 2362 suppletoque
1109 2268 1300 2340 identidem.
1324 2271 1361 2339 lu
1388 2269 1454 2340 aii·

492 2376 629 2474 quoties
652 2374 688 2445 in
708 2374 761 2446 die
784 2375 938 2472 quotidie
959 2373 1085 2464 facito,
1108 2375 1211 2473 usque
1233 2379 1318 2451 adeo
1339 2380 1453 2452 donec

380 2501 383 2510 “
450 2477 454 2485 ’
492 2485 539 2558 sal
562 2482 719 2555 defiverit
742 2482 909 2555 tabescere
932 2483 1081 2556 biduum.
1106 2485 1143 2555 ld
1165 2485 1347 2584 signierit,
1370 2513 1454 2560 rnae-

403 2584 410 2618 ⁸
493 2620 571 2666 nam
597 2593 741 2683 aridam,
764 2595 821 2687 ¹vel
844 2620 953 2667 ovum
977 2595 1171 2668 demittitur
1198 2596 1221 2667 fi
1243 2598 1393 2688 natabit,
1414 2624 1453 2673 ea

418 2752 422 2765 .
492 2705 616 2778 muties
630 2704 715 2795 etit,
732 2706 788 2776 vel
804 2730 938 2778 carnem
950 2761 962 2796 ‚
976 2706 1032 2778 vel
1047 2705 1176 2796 caseos,
1192 2707 1247 2778 vel
1260 2706 1454 2782 salsamenta

492 2840 565 2914 quo
588 2816 837 2890 condiaeram
857 2819 1000 2890 muriam
1019 2815 1057 2887 in·
1076 2814 1213 2904 labella,
1227 2818 1284 2890 vel
1306 2818 1341 2888 in
1361 2823 1454 2915 pati*

492 2954 552 3002 nas
568 2928 603 3001 in
618 2928 686 3002 sole
700 2929 835 3025 ponito.
852 2930 967 3029 Usque
979 2930 1064 3003 adeo
1082 2929 1117 3001 in
1137 2927 1209 3000 sole
1224 2929 1372 3021 habeto,
1389 2933 1455 3006 dod

364 3069 366 3075 ·
471 3065 556 3112 <nec
573 3039 800 3113 concreverit.
826 3041 905 3112 inde
924 3040 990 3112 flos
1005 3038 1078 3112 salis
1099 3035 1167 3111 fiet.
1191 3041 1260 3111 Ubi
1284 3040 1455 3114 nubilabi⁴

491 3167 566 3237 tur,
581 3151 623 3233 &
635 3150 736 3222 nociu
756 3148 816 3221 sub
835 3151 925 3224 tecio
944 3152 1082 3246 ponito.
1100 3149 1288 3242 Quotidie,
1302 3177 1380 3224 cum
1400 3153 1451 3226 sol

491 3258 578 3348 erit,
592 3259 628 3329 in
645 3259 716 3330 sole
733 3257 868 3353 ponito.

510 3371 734 3442 =--Lxxx1x.
755 3367 905 3441 Gallinas
927 3368 966 3440 &
984 3363 1113 3438 anseres
1133 3365 1177 3440 fic
1198 3366 1332 3442 sarcito.
1345 3371 1453 3443 Galli·
1515 3439 1517 3442 ,

417 3491 420 3499 ’
486 3504 552 3565 snas
566 3502 719 3568 teneras,
733 3505 809 3576 quae
828 3476 973 3574 primum
989 3478 1142 3575 parient,
1158 3482 1361 3568 concludat,
1374 3483 1453 3578 pol-

491 3587 650 3677 line,⁴vel
664 3586 770 3660 farina
788 3588 952 3660 ordeacea
973 3585 1148 3683 conspersa
1161 3591 1322 3661 turundas
1341 3589 1454 3667 saciata

476 3722 548 3789 seas
561 3697 598 3768 in
616 3720 736 3792 aquam
752 3698 942 3793 intinguat,
956 3697 991 3767 in
1006 3721 1046 3770 os
1061 3697 1162 3772 indat.
1185 3700 1343 3795 paulatim
1362 3727 1451 3797 quo·

492 3811 575 3884 tidie
604 3807 712 3881 addat.
741 3832 785 3880 ex
812 3809 888 3905 gula
915 3808 1128 3901 consideret,
1154 3811 1247 3908 quod
1277 3793 1352 3883 satis
1376 3815 1453 3888 fiet:

412 3921 433 3995 ’.
492 3922 547 3993 Bis
560 3920 595 3991 in
615 3917 669 3991 die
682 3916 818 4005 farciat,
831 3919 871 3992 δι
892 3917 1031 4015 meridie¹
1051 3920 1167 3993 bibere
1182 3921 1282 4011 dato,
1298 3948 1361 3996 nec
1375 3925 1451 4020 plus

492 4029 657 4129 aquafita
675 4029 733 4106 fiet
754 4031 881 4128 horam„
895 4054 1006 4104 unam.
1029 4031 1158 4108 Eodem
1176 4033 1283 4108 ruodo
1302 4034 1451 4110 anserem
