3509 5084
452 550 507 606 cx
666 535 715 602 M.
743 530 860 600 TER.
889 531 1198 601 VARRONIS

452 709 574 782 ineque
587 682 826 771 contenderet,
847 702 998 780 utquam
1017 685 1264 783 diligentiffime
1284 687 1410 764 scribe·

451 819 541 878 rem3
560 790 661 864 malui
685 789 819 880 facere,
833 794 928 887 q'uod
950 818 1042 865 meus
1063 784 1233 867 ¹familiaris
1251 799 1333 869 tanti
1356 800 1411 870 sua

449 900 603 974 intereffe
617 900 842 975 arbitraretur.
854 907 903 974 Ut
914 903 1015 999 igitur
1030 906 1148 976 debete
1160 930 1212 976 me
1223 905 1331 981 facete
1343 907 1412 982 hoc

451 1005 637 1105 intelligas;
654 1035 731 1082 tum
747 1010 893 1107 primum
913 1014 959 1083 M.
976 1011 1155 1082 Terentius
1170 1009 1330 1112 infornm
1347 1034 1412 1083 ve·

451 1114 522 1203 nit,
536 1116 578 1188 ad
593 1116 773 1216 amicitiam
794 1114 826 1187 se
839 1141 947 1187 meam
973 1119 1129 1191 contulit.
1150 1120 1305 1206 Deinde,
1324 1139 1362 1189 ut
1379 1120 1412 1190 se

451 1216 717 1319 corroboravit,
737 1228 811 1299 duae
831 1226 938 1298 causae
960 1227 1185 1312 accesserunt,
1203 1221 1280 1324 qu„ae
1302 1254 1410 1304 meam

453 1333 490 1406 in
505 1334 603 1424 illum*
611 1332 884 1408 benevolentiam
897 1355 1074 1429 augerent:
1091 1360 1177 1418 una,
1192 1337 1286 1431 quod
1301 1339 1412 1408 versa·
1472 1337 1476 1346 “

453 1445 552 1517 batur
569 1446 604 1515 in
621 1445 687 1516 hoc
698 1440 806 1512 studio
819 1440 1031 1538 nossr0,quo
1046 1444 1144 1514 etiam
1164 1447 1410 1518 nuncmaxime

454 1556 652 1626 deteuamur
660 1605 672 1638 ,
682 1552 718 1623 &
734 1577 809 1623 cum
822 1551 961 1649 iugenio
974 1573 1031 1640 ,ut
1042 1553 1144 1640 nosti,
1158 1579 1220 1626 nec
1232 1554 1299 1627 fine
1310 1556 1411 1644 indu-

454 1663 548 1734 stria:
563 1660 703 1747 deinde,
722 1661 817 1757 quod
832 1680 958 1733 mature
974 1661 1006 1734 se
1019 1664 1164 1735 contulit
1180 1665 1215 1733 in
1235 1664 1410 1736 iacientes

453 1770 733 1868 publicanorum,
743 1772 835 1866 quod
846 1772 982 1867 quidem
996 1771 1123 1844 nollem
1134 1797 1145 1858 ;
1156 1773 1310 1844 maximia
1320 1773 1411 1844 enim

452 1881 581 1953 damnis
596 1879 730 1952 affedus
746 1880 802 1954 est.
820 1883 884 1953 Sed
905 1900 1014 1960 tamen
1035 1882 1131 1955 causa
1146 1882 1337 1954 communis
1354 1908 1413 1954 ot·
1449 1962 1453 1968 ,

452 1989 540 2061 dinis
554 1989 634 2061 mihi
654 1989 968 2063 commendatissimi
988 1990 1069 2064 fecit
1087 1989 1264 2062 amicitiam
1281 1991 1412 2063 firmio·

453 2086 535 2169 ‘tem
549 2097 685 2169 Deinde
709 2096 860 2171 vetsatus
880 2098 914 2168 in
932 2098 1080 2195 utrisque
1102 2093 1262 2171 subselliis
1283 2100 1412 2193 optima

453 2209 492 2281 δι
518 2205 584 2279 fide
611 2209 649 2279 &
670 2205 776 2293 fama,
803 2205 869 2302 jam
891 2226 968 2280 ante
996 2211 1082 2281 hanc
1109 2205 1412 2281 commutationem

453 2315 536 2411 reip.
559 2314 717 2409 petitioni
739 2313 803 2386 sese
827 2315 942 2404 dedit,
960 2315 1197 2413 honoremque
1222 2315 1413 2388 honestissi-

453 2451 546 2496 mum
560 2423 763 2495 existimavit
777 2422 921 2499 frustum
940 2423 1065 2496 laboris
1082 2424 1141 2496 sui.
1159 2429 1238 2496 Hac
1255 2431 1295 2494 de
1311 2427 1411 2524 nostro

455 2541 597 2605 Varrone
609 2536 695 2622 capit
705 2534 742 2622 in*
752 2531 818 2617 ejas
831 2534 897 2602 rita
912 2536 1041 2601 Marcus
1058 2520 1242 2601 Vertraniris
1261 2535 1409 2605 Maurus.

454 2645 519 2712 Sed
527 2666 570 2710 an
587 2644 619 2704 V
617 2663 706 2725 arte,
718 2666 803 2734 quern
818 2643 940 2710 Tullius
953 2643 1053 2710 Bruto
1071 2647 1284 2728 commendat,
1296 2644 1412 2742 nrisier,

455 2752 507 2843 qui
524 2772 589 2818 turn
601 2749 862 2842 septuagenarius
884 2773 968 2834 erat,
978 2748 1097 2838 fuerit,
1120 2752 1266 2821 incertum
1283 2754 1412 2822 videtur.

455 2888 531 2930 narn
552 2865 610 2931 illa
630 2863 750 2953 qnidam
775 2882 880 2946 atate,
900 2887 961 2951 qna
984 2862 1079 2961 noster
1102 2863 1206 2944 uixit,
1223 2867 1328 2952 plnres
1352 2861 1413 2930 alii

449 2972 580 3062 fuerunt
593 2974 698 3040 Marci
712 2971 844 3040 Terentii
869 2973 900 3031 V
898 2995 1036 3058 atrones,
1050 2975 1087 3040 de
1101 2975 1211 3063 quibus
1228 2975 1263 3040 in
1268 2973 1354 3063 seqq.

386 3082 392 3092 ’
504 3086 540 3149 A
555 3081 682 3160 Hirtio,
705 3083 738 3148 C.
759 3079 852 3147 Vibio
867 3081 997 3170 Pansa,
1015 3076 1094 3174 Coffi
1110 3107 1195 3149 anno
1217 3082 1315 3150 Urbis
1334 3102 1412 3175 7¹⁰³

456 3191 565 3261 mundi
575 3211 644 3287 390
647 3213 685 3282 7,
702 3208 774 3254 ante
788 3189 882 3273 GN.
895 3216 929 3276 4¹
945 3238 952 3268 ‚
973 3190 1073 3279 Caesar
1087 3189 1281 3258 Oflavianns
1294 3198 1414 3283 ‘Angu-

412 3370 420 3396 ,
446 3300 537 3399 stus,
559 3299 610 3366 M.
635 3298 785 3387 Lepidus,
806 3290 839 3365 δ’
859 3299 911 3366 Μ.
936 3300 1117 3382 Antonius,
1133 3300 1322 3390 triumuiri,¹
1344 3321 1412 3367 turn

456 3410 539 3503 aliar
556 3413 690 3493 multos,
710 3429 774 3475 turn
788 3409 881 3474 etiarn
908 3411 1080 3477 Varronem
1097 3407 1249 3506 nostrum,
1267 3410 1412 3499 inprimis
1455 3498 1459 3508 Ι

457 3519 602 3587 Antonio
610 3512 740 3611 (forsan
749 3517 785 3585 ob
796 3518 950 3586 Ciceronis
957 3544 1072 3610 quoque
1075 3515 1350 3605 familiaritatem)
1362 3519 1414 3584 in·

403 3666 406 3673 ·
458 3626 576 3717 tristem,
588 3626 839 3718 proscripserunt.
854 3629 1025 3717 Appianas
1045 3629 1098 3696 tib.
1112 3651 1136 3713 4
1151 3629 1188 3694 de
1207 3627 1294 3694 bellis·
1307 3625 1413 3692 civili·

458 3737 535 3822 bus,
558 3737 710 3825 interprete
730 3734 934 3828 Sigismundo
959 3735 1109 3804 Gelenio:
1129 3738 1239 3805 Varro
1259 3728 1414 3824 philoso-

459 3846 546 3937 phus
565 3845 651 3915 idem
668 3847 704 3916 δι
718 3842 914 3930 historicus,
928 3844 1023 3917 miles
1044 3844 1194 3926 simul&
1206 3841 1275 3910 dux
1291 3840 1413 3934 proba·
1456 3928 1458 3933 s

459 3970 531 4046 tus,
550 3950 781 4050 ideofortaffe
791 3969 852 4044 ,ut
870 3949 1227 4050 iniquiot'dominatui
1237 4002 1249 4040 ,
1263 3947 1412 4045 proscri-
