3509 5084
1331 477 1337 517 Ι

579 555 654 664 o‘a
679 590 747 662 na
772 588 1020 668 austrea
1046 587 1141 658 nra.
1166 587 1208 660 rr.
1309 590 1381 687 ισς,

409 753 685 862 appellaverunt,
711 781 749 829 ac
778 753 979 853 scripserunt
1002 757 1043 828 de
1067 781 1106 829 ea
1130 780 1167 827 re
1200 755 1381 867 permubtass
1465 792 1468 797 ⁵

459 872 499 939 11.
520 866 584 937 Sed
611 866 775 962 quoniam
800 890 865 939 nos
888 867 1042 939 nostrum
1070 865 1210 962 pensum
1232 863 1380 938 absolvi.

408 999 504 1065 mus,
520 1000 561 1047 ac
581 973 722 1077 limitata
736 975 781 1046 est
803 976 962 1072 pecuaria
978 975 1140 1074 quaestio:
1165 999 1256 1061 nunc
1269 972 1382 1047 rursus
1502 994 1508 1003 ·

409 1108 476 1160 vos
498 1086 626 1159 reddite
654 1087 773 1177 nobis,
787 1112 810 1158 o
831 1084 1027 1183 Epeirotae,
1047 1085 1088 1158 de
1105 1109 1307 1182 unaquaque
1322 1109 1380 1174 re,

406 1213 446 1268 ut
462 1195 658 1284 videamus,
671 1196 755 1292 quid
772 1196 920 1294 pastores
934 1223 952 1268 a
966 1195 1177 1294 Pergamide,
1194 1191 1380 1268 Maled'ove

407 1306 500 1403 potis
514 1307 588 1380 smt.
601 1311 796 1397 Atrrcos,
811 1309 870 1406 qui
885 1328 967 1382 tunc
978 1307 1020 1379 T.
1038 1305 1271 1404 Pomponius,
1287 1329 1380 1380 nunc

407 1416 455 1506 Q.
479 1416 646 1489 Caecilius·
664 1418 871 1517 cognomine
897 1417 1040 1505 eodem,
1059 1420 1134 1515 Ego
1160 1415 1306 1511 opinor,
1322 1415 1379 1488 in·
1492 1493 1496 1526 ,Ι

407 1523 508 1621 quit,
521 1525 681 1622 incipiam
695 1528 842 1622 primus,
857 1526 1020 1625 quoniam
1040 1525 1075 1598 in
1091 1551 1145 1599 me
1160 1526 1276 1598 videre
1291 1541 1379 1600 corr·⁸

406 1631 517 1739 jeciffe
538 1636 684 1711 oculos:
705 1641 742 1712 δι
764 1639 874 1714 dicam
890 1640 930 1712 de
950 1637 1148 1738 primigenia
1169 1636 1379 1743 pecuaria.E

360 1840 362 1846 ,
406 1742 487 1817 fetis
505 1745 594 1818 enim
619 1748 806 1842 pecudibus
830 1747 976 1844 primurn
1001 1747 1085 1820 dicis
1107 1744 1193 1819 oves
1216 1769 1378 1841 compre·

363 1886 366 1898 ·
406 1851 523 1926 hensas
541 1855 583 1927 ab
602 1855 822 1944 hominibus,
835 1881 875 1928 ac
889 1854 1137 1929 mansuefadas.
1149 1856 1207 1927 has
1229 1853 1377 1948 primum

406 1984 547 2060 oportet
569 1968 678 2039 bonas
698 1993 818 2040 emere.
833 1969 924 2061 Quae
940 1969 984 2040 ita
1005 1967 1047 2040 ab
1067 1985 1188 2053 aetate,
1211 1963 1236 2034 sr'
1263 1985 1377 2060 neque

406 2076 533 2148 vetuiae
555 2077 652 2166 sunt,
667 2102 777 2173 neque
799 2103 899 2150 merae
919 2103 1037 2174 agnae:
1062 2076 1157 2174 quod
1172 2074 1283 2146 alterae
1307 2069 1375 2165 jam

406 2187 563 2258 nondum
574 2240 583 2272 ‚
596 2186 709 2260 altere·
721 2184 788 2280 jam
803 2210 874 2257 non
896 2185 1032 2282 poffunt
1045 2186 1122 2257 dare
1145 2181 1298 2256 studium.
1319 2175 1376 2251 sed

406 2316 446 2364 ea
478 2293 601 2367 melior
627 2313 729 2384 aetat,
752 2320 855 2392 quam
881 2293 1031 2393 sequitur
1056 2293 1280 2390 spes„quam
1307 2315 1375 2366 ean

406 2424 510 2497 quam
524 2407 626 2477 m0rs.
642 2404 698 2476 De
722 2401 853 2495 sonna,
871 2431 976 2479 ovem
993 2405 1059 2478 effe
1073 2422 1212 2502 oportet
1226 2426 1375 2496 corpore
1446 2397 1453 2408 ’

325 2530 327 2535 ’
407 2511 546 2607 amplo,
569 2538 644 2609 quae
660 2512 736 2584 lana
758 2511 863 2586 muita
879 2512 969 2588 fit&
992 2511 1114 2603 molli,
1133 2510 1226 2585 villis
1247 2508 1376 2603 altis&
1485 2509 1488 2514 ’

406 2618 514 2691 densis
537 2640 615 2693 toro
635 2646 806 2717 corpore,
822 2622 967 2695 maxime
988 2623 1117 2697 circum
1138 2619 1307 2695 cervicem
1334 2618 1375 2692 &
1510 2641 1514 2652 ·

406 2728 559 2820 collum,
584 2749 738 2803 ventrem
763 2756 904 2829 quoque
929 2751 966 2804 ut
989 2733 1110 2804 habeat
1130 2728 1288 2827 piiosum.⁴
1312 2727 1376 2800 ita·
1463 2770 1467 2781 ·

405 2864 561 2937 que=quae
574 2840 609 2913 id
625 2866 697 2913 non
712 2841 893 2929 haberent,
906 2841 1052 2931 majores
1067 2840 1172 2911 nostri
1189 2840 1300 2933 apicas
1316 2856 1376 2934 apd

404 2948 601 3044 pellabant,
623 2974 662 3021 ac
684 2947 892 3042 rejiciebant.
907 2948 970 3018 effe
989 2964 1128 3041 oportet
1144 2945 1296 3018 cr'uribus
1309 2946 1375 3018 hu·
1425 3032 1430 3042 1

403 3055 568 3143 milibus,
595 3057 710 3131 caudis
725 3056 981 3143 observare‚ut
1002 3056 1066 3129 fint
1088 3055 1124 3127 in
1150 3053 1243 3127 ltalia
1264 3053 1377 3150 proli⁴

404 3165 485 3256 xis,
506 3166 542 3239 in
570 3167 670 3266 Syria
693 3166 866 3240 brevibun
886 3158 922 3238 {n
951 3160 1069 3262 primis
1095 3166 1306 3252 videndum,
1333 3179 1374 3239 ut
1493 3214 1496 3221 -

405 3275 490 3351 boni
510 3277 643 3350 seminis
660 3301 762 3374 pecus
783 3276 913 3350 habeas.
933 3277 968 3350 id
987 3276 1059 3351 fere
1075 3302 1119 3350 ex
1131 3277 1258 3350 duabus
1274 3276 1374 3348 rebus

361 3432 366 3441 -
389 3384 515 3481 potest
529 3386 755 3459 animadverti
768 3441 780 3477 ‚
793 3412 836 3458 ex
852 3387 974 3475 forma,
988 3389 1024 3458 δι
1040 3385 1214 3483 progenie.
1234 3387 1286 3457 Ex
1301 3383 1375 3456 for-⁸
1454 3432 1458 3447 ι

404 3520 485 3581 ma,
508 3492 532 3563 st
554 3493 673 3569 arietes
695 3494 759 3566 fint
780 3492 896 3568 fronte
914 3495 988 3565 lana
1009 3492 1120 3569 vestiti
1141 3493 1251 3583 bene,
1271 3490 1382 3566 tortio

405 3604 573 3680 cornibus
604 3607 722 3700 pronis
747 3605 789 3678 ad
815 3604 986 3706 rostrum,
1014 3603 1110 3677 ravis.
1131 3603 1269 3692 ocusrs,
1294 3601 1372 3676 lana

403 3717 533 3813 opertis
556 3716 712 3805 auribus,
734 3715 852 3813 amplis
867 3717 1054 3812 pedore&
1070 3714 1233 3812 scapulis,
1248 3718 1286 3797 δι
1300 3713 1374 3790 ctu-¹

405 3828 503 3900 nibus
525 3826 623 3914 latis,
644 3827 748 3900 caudb
761 3826 827 3899 lata
849 3827 888 3901 δι
902 3826 1021 3926 longa·
1032 3824 1373 3921 animadvertendum

403 3962 570 4035 quoque,
592 3937 749 4036 linguane
773 3937 867 4035 nigra
891 3960 949 4012 aut
976 3937 1071 4035 vatip
1093 3932 1131 4008 fit
1145 3989 1158 4024 ‚
1173 3934 1279 4032 'quod
1302 3932 1375 4010 fere

403 4044 463 4146 qui
484 4070 523 4121 ea
543 4044 692 4138 habent,
710 4045 826 4148 nigros
840 4065 898 4122 aut
916 4045 1033 4127 varios
1053 4061 1235 4151 procreant
1251 4064 1373 4144 agnon·

1101 4157 1129 4232 L
1156 4183 1176 4257 a
