3509 5084
428 616 520 673 xm·
613 599 690 681 ao.
716 597 934 670 MATTH.
962 544 1251 689 aarum
1279 665 1281 668 ,

429 752 623 828 Perizonius
649 753 844 850 respondit,
873 753 992 828 frullra
1020 780 1117 829 eas-a
1146 757 1179 830 se
1205 759 1392 855 requiritis:

427 861 535 936 Multa
549 861 625 937 sunt
642 862 679 935 iu
694 864 747 937 his
766 863 881 938 Urfini
895 867 934 938 &
950 865 1122 938 Ciacconi·
1135 864 1228 939 notis
1247 870 1389 969 ingenio
1422 939 1426 953 ,

428 971 571 1047 illorum
591 972 712 1074 digna,
732 973 788 1048 sed
808 975 854 1048 ell
871 976 987 1064 etiam,
1000 974 1058 1047 ubi
1079 974 1277 1050 audaciores
1298 981 1389 1072 justo

428 1081 609 1157 videantur
621 1084 761 1158 illorum
776 1084 988 1179 conjedurae.
1006 1085 1186 1183 Saepiffime
1206 1087 1242 1157 in
1265 1087 1304 1159 iis
1328 1090 1389 1163 usu

427 1193 511 1267 mihi
541 1196 848 1298 venit.quods1bi
869 1195 904 1266 in
932 1195 1004 1268 Pio·
1021 1196 1172 1272 accidille
1197 1217 1387 1273 narrantem

428 1323 508 1379 ante
539 1306 751 1380 audiebamus
783 1305 1024 1397 Burmannum.
1040 1309 1145 1381 'Bona
1179 1309 1279 1381 nobis
1311 1333 1387 1405 pars

428 1416 702 1499 emendationum
717 1410 902 1484 nostrarum
915 1413 960 1486 fic
971 1414 1080 1510 periit.
1093 1417 1202 1510 Quod
1213 1417 1386 1491 interdum

428 1552 502 1599 non
524 1521 819 1610 dissimulavimus,
834 1522 921 1595 idem
933 1524 1033 1597 nobis
1049 1525 1085 1597 in
1104 1543 1251 1625 mentem
1271 1527 1387 1599 venis·

428 1636 481 1723 se,
498 1635 534 1706 id
552 1659 596 1706 eo
611 1632 763 1727 inprimis
784 1634 930 1707 consilio
946 1634 1131 1726 fanumst
1153 1637 1312 1734 ponderis
1326 1639 1395 1711 alia

427 1766 590 1841 quantum
603 1744 761 1816 accedere
770 1742 880 1841 pollet
890 1743 1106 1838 comedatis,
1120 1744 1291 1844 dequibus
1305 1746 1385 1841 plu·

425 1853 539 1942 ribus,
557 1870 653 1925 tanto
675 1850 859 1925 intervallo
877 1851 1069 1944 disjunctis,-
1088 1854 1177 1928 idem
1199 1855 1383 1928 videretur.
1446 1871 1448 1874 ’

426 1964 490 2036 Sed
501 1988 573 2036 non
591 1963 692 2037 nobis
705 1962 784 2036 solis
795 1962 862 2038 hoc
879 1965 1178 2065 contigille‚etiam
1190 1967 1245 2039 Cl.
1258 1970 1385 2039 Ponte·

426 2072 514 2144 derae
527 2071 721 2166 exemplum
731 2072 833 2144 docet
844 2125 855 2161 ‚
866 2072 928 2169 qui
944 2074 986 2146 ab
998 2072 1099 2147 initio
1118 2093 1208 2147 certe
1223 2077 1256 2146 F.
1271 2073 1384 2146 Ursini
1411 2167 1415 2176 Ι

425 2180 518 2285 notis
550 2180 740 2254 destitutum
770 2183 802 2256 se
833 2183 926 2255 suille
954 2184 1087 2281 questus
1117 2184 1182 2274 eli,
1210 2188 1385 2260 &tamen

426 2287 541 2359 eadem
558 2286 657 2371 dicit,
685 2295 760 2385 qu'ae
784 2289 926 2388 Ursinus
947 2292 989 2361 ad
1014 2293 1110 2367 Varr.
1134 2317 1169 2379 2,
1195 2317 1230 2378 2,
1261 2316 1321 2372 12,
1346 2293 1398 2363 δι’

427 2395 516 2469 alias.
534 2396 630 2488 Quin
659 2395 728 2491 ipse
748 2396 846 2468 etiam
869 2397 1011 2469 Ursinus
1032 2397 1074 2469 ad
1089 2401 1196 2470 Varr.
1219 2423 1259 2485 1,
1286 2405 1342 2483 16,
1361 2399 1383 2466 6

426 2508 468 2579 de
492 2509 583 2580 oleris
603 2506 829 2605 appellatione
849 2506 964 2579 eadem
990 2505 1057 2577 fere
1070 2505 1179 2596 dicit,
1206 2530 1282 2603 quae
1302 2507 1384 2579 ibid.

425 2606 589 2714 Scaliger:
608 2618 737 2715 &quae
754 2615 796 2687 ad
821 2641 851 2702 1,
872 2641 927 2712 19,
946 2615 1030 2709 32de
1046 2616 1194 2707 pecuaria
1213 2614 1384 2711 disputan·

425 2741 493 2814 tur,
505 2748 544 2797 ea
556 2742 760 2822 praeeperat
773 2723 942 2796 vidorius
956 2724 1001 2795 V.
1012 2725 1048 2794 1„
1066 2746 1125 2817 31,
1141 2749 1196 2818 23.
1208 2723 1301 2795 Solet
1313 2725 1383 2794 Ur-

425 2832 517 2907 smus
537 2860 603 2908 una
614 2832 899 2929 comprehendere
913 2830 1134 2918 annotatione
1147 2832 1258 2928 plures
1277 2833 1314 2902 in
1328 2828 1384 2901 vi·

427 2944 516 3016 cinia
531 2943 646 3019 locos:
660 2968 724 3017 nos
738 2942 935 3038 plerumque
958 2963 996 3012 ea
1014 2939 1245 3030 distraximus,
1262 2958 1301 3012 ut
1321 2938 1382 3042 suo
1425 3016 1428 3036 ι

422 3051 586 3145 quodque
608 3051 690 3137 loco
710 3051 872 3147 applicari
892 3049 1015 3146 pollere
1038 3050 1092 3121 sed
1112 3051 1158 3122 est
1178 3069 1308 3137 tamen,
1323 3048 1383 3122 ubi

426 3156 608 3252 conjundla
625 3159 835 3253 transerunt,
848 3159 895 3231 ita
911 3177 1023 3231 tamen
1040 3158 1174 3248 vicina,
1189 3177 1226 3231 ut
1240 3158 1383 3261 diligen·
1426 3195 1432 3209 ·

426 3265 584 3340 rileuori
604 3267 790 3340 molestiam
808 3292 922 3341 creare
943 3292 1014 3340 non
1030 3268 1165 3364 poffint.

474 3376 585 3449 xvu.
612 3375 802 3450 Novissime
827 3375 955 3450 rusticis
982 3376 1142 3450 omnibus
1166 3380 1382 3479 commodata

382 3532 390 3558 .
424 3505 567 3563 conatus
587 3486 634 3559 est
656 3488 920 3560 Hraaorrrnws
947 3489 1234 3576 commeamus,
1256 3489 1314 3584 qui
1338 3510 1380 3556 ex

426 3610 538 3667 mente
569 3597 625 3666 Pe.
648 3596 820 3684 Viuorii,
844 3595 989 3668 adhibita
1014 3596 1113 3669 etiarn
1142 3594 1381 3669 Bartholomaei

337 3741 341 3746 ⁷
426 3692 577 3781 Bruschii
596 3703 763 3796 editione,
777 3700 867 3798 suam
881 3703 1105 3778 concinnavit
1113 3708 1130 3794 ,'
1143 3705 1217 3779 usus
1227 3697 1380 3799 inprimis

426 3808 626 3912 diligenti&
638 3813 811 3913 ingeniosa
824 3839 927 3910 opera
944 3819 1047 3890 Fan).
1064 3819 1283 3890 satamon.
1306 3819 1380 3886 Mo·

426 3916 569 3999 liebatur
588 3949 674 4023 opus
692 3925 799 3999 multo
823 3927 981 4023 amplius,
997 3919 1092 4025 quod
1106 3950 1155 3999 ex
1179 3923 1377 4021 praefatione
1436 4019 1439 4024 x

424 4028 534 4125 illius,
552 4060 652 4132 quam
671 4035 785 4113 damin
811 4035 894 4112 loco
914 4032 1296 4134 x11‚potellintelligi:
1318 4031 1373 4104 sed
1449 4043 1452 4048 “
