3509 5084
383 561 456 644 '¹92
539 544 1194 619 u.rt=.tteu·r11vnnnou1s

388 728 463 778 mus
484 728 581 777 canes
599 703 800 778 defensores.
822 710 857 776 ln
876 704 973 779 suillo
987 729 1111 800 pecore
1129 725 1243 777 tamen
1259 703 1356 795 sunt,

387 839 464 911 quae
484 813 517 885 se
534 814 736 903 vindicent,
759 813 856 903 sues,
880 840 1018 902 vertes,
1044 813 1201 907 majales,
1218 813 1356 888 scrofae.

385 948 496 1021 prope
513 923 605 995 enim
622 925 694 997 haec
710 924 820 1019 apris,
835 925 894 1022 qui
919 925 954 995 in
970 923 1060 996 silvis
1083 925 1169 1017 saepe
1193 924 1357 996 dentibus

386 1060 488 1108 canes
501 1033 717 1107 'occiderunt
741 1034 837 1126 Quid
860 1034 970 1106 dicam
988 1035 1029 1104 de
1053 1059 1177 1130 pecore
1191 1033 1355 1130 majore?

388 1171 469 1219 cum
491 1143 591 1217 sciam
605 1142 775 1215 mulorum
794 1168 949 1239 gregem,
964 1169 1041 1216 curn
1058 1144 1272 1238 pasceretur,
1292 1167 1357 1214 eo·

388 1280 455 1352 que
477 1253 620 1327 veniffet
640 1251 865 1346 lupus‚ultr0
886 1255 997 1325 mulos
1019 1251 1303 1341 circumfluxitle,
1319 1255 1357 1325 δι

388 1361 523 1460 ungulis
543 1360 705 1434 caedendo
723 1385 801 1432 eum
815 1363 992 1434 occidiffe?
1006 1368 1041 1435 δε
1056 1383 1168 1435 tauros
1185 1362 1292 1432 solere
1307 1359 1359 1431 di-

389 1471 510 1545 versos
527 1468 666 1542 affillere
687 1469 843 1543 clunibus
867 1472 1109 1562 continuatos,
1130 1475 1167 1545 &
1192 1470 1359 1559 cornibus

389 1579 489 1689 facile
510 1579 706 1675 propulsare
729 1581 862 1676 lupos?
888 1584 1002 1673 Quare
1023 1583 1065 1655 de
1089 1581 1250 1670 canibus,
1266 1603 1359 1677 quo·

390 1682 482 1761 niani
497 1712 617 1784 genera
631 1689 727 1776 duo,
749 1714 855 1760 unum
871 1691 1087 1780 venaticum,
1104 1693 1142 1763 δι
1158 1688 1309 1786 pertinet
1320 1689 1362 1759 ad

391 1795 479 1869 feras
498 1794 635 1882 bestias,
650 1820 702 1869 ac
699 1740 886 1883 silvestrem
902 1797 1047 1871 alterum
1060 1800 1181 1895 ,quod
1196 1797 1361 1871 cullodiae

395 1905 492 1980 causa
515 1923 673 1998 paratur,
686 1907 735 1978 &'
750 1906 895 2001 pertinet
915 1906 955 1977 ad
978 1906 1166 2007 pallorem:
1183 1907 1293 1979 dicam
1321 1907 1362 1978 de

393 2039 439 2085 eo
453 2013 493 2085 ad
508 2008 653 2082 forman'r
667 2013 746 2084 artis
759 2013 970 2108 expositam
962 2040 997 2085 tn
1015 2038 1141 2086 novem
1155 2032 1279 2107 partes.
1291 2013 1363 2084 Pri-

397 2150 490 2198 mum
507 2140 602 2194 aetate
624 2122 747 2194 idonea
767 2124 934 2217 parandi,
956 2124 1049 2231 quod
1071 2122 1174 2196 catuli
1193 2126 1235 2196 &
1254 2124 1363 2195 vetuli

393 2254 506 2328 neque
529 2227 587 2300 fibi
604 2254 748 2327 ,neque
772 2231 898 2304 ovibus
919 2230 993 2303 lunt
1008 2214 1195 2328 praesrdio,
1217 2233 1256 2305 δι
1284 2230 1365 2302 feris

395 2339 510 2416 bestiis
531 2364 778 2436 nonnunquam
800 2342 931 2437 praedae.
948 2344 1045 2415 Facie
1059 2343 1181 2414 debent
1198 2341 1266 2414 elle
1290 2341 1364 2416 for·

396 2450 508 2536 most,
530 2449 758 2546 magnitudine
786 2453 921 2548 ampla,
940 2454 1049 2527 oculis
1064 2452 1285 2550 nigrantibus
1309 2469 1366 2526 aut

396 2561 507 2646 ravis,
525 2561 660 2631 naribus
680 2563 971 2656 congruentibus,
991 2562 1091 2636 labris
1115 2562 1284 2661 subnigris
1309 2580 1366 2637 aut

397 2667 617 2756 rubicundis,
634 2693 749 2766 neque
769 2670 895 2742 resimis
917 2671 1169 2766 superioribus,
1194 2699 1259 2746 nec
1282 2701 1367 2769 pen·

398 2775 487 2850 dulis
501 2773 638 2865 subtus,
653 2793 768 2847 mento
783 2776 973 2872 supprello‚
985 2781 1024 2852 δι
1037 2805 1079 2851 ex
1095 2806 1138 2851 eo
1153 2781 1259 2852 enatis
1274 2783 1367 2854 duo·

398 2889 463 2963 bus
486 2886 641 2960 dentibus
655 2888 773 2959 dextra
788 2890 824 2962 dt
838 2887 982 2980 linistra,
1000 2891 1103 2984 paulo
1122 2892 1303 2980 eminulis,
1317 2894 1369 2965 su·

400 2999 593 3112 perioribus
611 2997 744 3071 ditedis
761 2998 895 3094 potius,
908 3025 1008 3096 quam
1028 3001 1207 3074 brocchis.
1225 3022 1369 3095 acutos,

399 3132 489 3206 quos
508 3108 674 3194 habeant,
696 3107 793 3180 labro
814 3111 946 3181 tedos:
968 3111 1130 3206 capitibus
1151 3114 1367 3188 &auriculis

400 3215 551 3314 magnis,
569 3241 608 3287 ac
626 3215 739 3288 flaccis
755 3219 887 3293 :craffis
900 3222 1092 3293 cervicibus
1102 3275 1113 3310 ,
1125 3248 1164 3295 ac
1178 3225 1276 3298 collo
1289 3253 1299 3299 ε
1312 3227 1366 3298 in·

401 3330 569 3404 ternodiis
591 3329 811 3402 articulorum
837 3332 974 3455 longis.
1000 3333 1153 3405 cruribus
1179 3336 1306 3424 retiis,
1332 3339 1367 3408 δι

344 3504 347 3509 .
402 3438 528 3536 potius
538 3437 655 3524 varis,
668 3464 770 3534 quam
791 3439 915 3512 vatiis·
934 3440 1073 3561 pedibus
1101 3442 1233 3536 magnis
1256 3445 1298 3514 de
1322 3443 1368 3514 al·

403 3547 472 3637 tis,
494 3545 552 3643 qui
573 3546 772 3644 ingredienti
793 3573 825 3619 er
814 3523 1097 3670 displodantut·
1114 3548 1227 3643 digitis
1248 3549 1369 3623 discre-

403 3655 472 3730 tis.
491 3656 657 3778 unguibus
678 3653 770 3726 duris
783 3681 823 3730 ac
845 3655 981 3729 curvis:
972 3654 1075 3726 ·solo
1089 3680 1152 3726 nec
1164 3674 1202 3727 ut
1214 3681 1370 3746 corneo,

405 3790 470 3861 nec
492 3762 633 3835 nimium
655 3764 764 3851 duro,
782 3764 837 3853 sed
859 3783 896 3837 ut
911 3764 1111 3854 fermentato
1133 3790 1173 3839 ac
1193 3767 1317 3840 molli:
1333 3794 1370 3842 ac

406 3871 592 3967 feminibus
609 3870 747 3945 summis
767 3897 914 3970 corpote
937 3873 1130 3970 suppresso:
1151 3875 1246 3972 spina
1259 3903 1372 3975 neque

319 4086 322 4093 ¹
406 3983 571 4092 eminula,
588 3986 697 4083 neque
711 4007 837 4061 curva:
852 3986 956 4061 cauda
974 3984 1075 4061 crassa
1091 3986 1234 4061 :latratu
1250 3987 1369 4086 gravi:
