3509 5084
436 567 509 668 238
585 569 635 639 M.
659 566 940 640 TERENTII
966 565 1260 638 VARRONIS

436 727 611 800 auctorem
630 725 739 797 habeo
753 749 824 795 non
838 723 971 813 solum,
986 724 1046 821 qui
1061 718 1209 797 alvearia
1224 723 1285 796 sua
1302 721 1415 797 locata

438 837 543 911 habet
559 835 745 935 quotannis
760 835 873 933 quinis
897 835 1048 907 millibus
1069 834 1343 929 pondomellis,
1362 836 1416 907 sed

437 947 541 1020 etiam
550 947 642 1019 hunc
652 949 846 1019 Varronem
859 947 1031 1035 nostrum,
1045 969 1145 1042 quem
1160 946 1282 1019 audivi
1296 947 1415 1020 dicen·

436 1078 521 1147 tem,
535 1060 606 1131 duo
620 1058 743 1131 milites
757 1056 788 1130 se
799 1057 945 1129 ltabuille
958 1057 994 1128 in
1004 1057 1165 1154 Hispania
1177 1055 1298 1130 fratres
1312 1056 1416 1150 Veja·

436 1169 518 1243 nios
531 1194 574 1242 ex
587 1195 671 1267 agro
689 1167 818 1243 Falisco
834 1169 1039 1265 locupletes,
1055 1168 1272 1266 quibuscum
1288 1189 1416 1264 epatre

429 1280 556 1373 ¹reliciat
574 1281 653 1353 ellet
672 1305 778 1376 parva
792 1278 896 1367 villa,
916 1283 953 1355 δι
975 1279 1099 1376 agellus
1114 1304 1187 1351 non
1208 1278 1289 1353 sane
1303 1280 1415 1375 major

437 1385 560 1487 jugero
575 1392 676 1474 uno,
699 1388 766 1461 hos
790 1386 918 1461 circum
943 1388 1058 1460 villam
1083 1406 1193 1460 totam
1219 1388 1417 1464 alvearium

438 1499 578 1590 fecitte,
598 1503 635 1575 δι
649 1501 789 1575 hortum
809 1497 981 1588 habuisse,
993 1524 1032 1573 ac
1050 1499 1216 1595 reliquum
1231 1499 1365 1600 thymo
1379 1505 1415 1578 &
1503 1496 1505 1503 ’

366 1628 372 1638 “
437 1609 553 1708 cytiso
568 1608 755 1699 obseviffe,
775 1611 813 1680 &
836 1609 1005 1706 apiastro,
1020 1610 1115 1707 quod
1136 1609 1193 1682 alii
1213 1628 1416 1699 μειιφυλιον,

439 1716 497 1790 alii
509 1729 741 1810 μελισσὸφυλλον
754 1713 910 1811 ,quidam
918 1729 1032 1807 μέλινον
1045 1715 1227 1812 appellant.
1237 1717 1317 1788 Hos
1332 1737 1416 1784 nun·

439 1850 541 1923 quam
558 1822 685 1911 minus,
701 1841 738 1893 ut
751 1848 907 1920 peraeque
919 1824 1104 1912 ducerent,
1119 1826 1206 1898 dena
1220 1824 1334 1898 millia
1350 1823 1418 1895 sex-

441 1934 540 2006 tertia
554 1957 596 2004 ex
612 1931 710 2002 melle
726 1930 874 2027 recipere
889 1932 953 2006 elle
969 1933 1099 2006 solitos.
1112 1953 1184 2005 tum
1198 1958 1263 2008 eos
1276 1936 1318 2007 &
1330 1933 1416 2006 velle

291 2034 295 2054 '
441 2042 656 2139 exspectare,
678 2057 715 2112 ut
729 2041 788 2111 suo
810 2042 928 2136 potius
944 2061 1100 2140 tempore
1114 2063 1348 2116 mercatorem
1363 2044 1415 2114 ad·

441 2155 636 2236 mitterent,
655 2177 755 2250 quam
769 2152 913 2226 celerius
925 2154 1049 2226 alieno.
1063 2153 1132 2228 Dic
1147 2154 1275 2252 igitur,
1292 2157 1416 2250 inquit,

441 2263 554 2339 ubi&
575 2260 764 2356 cujusmodi
780 2287 834 2335 me
847 2261 959 2337 faceie
976 2281 1135 2360 oporteat
1157 2261 1370 2351 alvearium,
1383 2279 1416 2334 ut

440 2397 586 2470 magnos
612 2371 744 2468 capiam
765 2369 903 2464 frullus.
925 2379 1001 2458 Ille,
1023 2383 1214 2464 penarum
1233 2372 1281 2445 ita
1300 2371 1414 2455 ¹facere

441 2498 611 2579 oportet,
638 2502 727 2578 quos
756 2480 814 2553 alii
838 2491 1028 2574 μειιτροφεΐι
1050 2479 1245 2574 appellant,
1273 2482 1413 2554 eandem

442 2615 513 2664 rem
537 2587 675 2686 quidam
703 2590 864 2664 mellaria,
886 2588 1035 2660 Primum
1061 2588 1245 2663 secundum
1271 2592 1414 2681 villam,

441 2700 654 2798 potiffimum
679 2700 737 2772 ubi
755 2724 828 2770 non
850 2698 1011 2770 resonent
1038 2699 1211 2798 imagines.
1240 2701 1300 2774 hic
1328 2702 1414 2775 enim

442 2807 547 2883 sonus
565 2810 685 2882 harum
704 2808 795 2909 fugae
810 2807 950 2908 [causa]
972 2807 1183 2884 existimatur
1195 2811 1272 2884 effe.
1288 2814 1413 2886 Proce-

442 2945 518 2996 rum
532 2919 597 2993 elle
614 2941 755 3018 oportet
766 2946 842 2995 aere
859 2938 1067 3017 temperato,
1088 2919 1200 3019 neque
1220 2922 1338 2998 testate
1351 2923 1414 2996 fer·

443 3031 551 3120 vido,
573 3056 684 3128 neque
697 3030 808 3104 hieme
828 3054 902 3101 uon
921 3025 1060 3125 aprico,
1073 3050 1112 3101 ut
1137 3019 1261 3123 spellet
1283 3028 1414 3126 potilli·

442 3164 538 3213 mum
560 3140 603 3212 ad
623 3140 787 3213 hibernos
801 3159 919 3229 ortus,
937 3162 1014 3235 quae
1029 3162 1136 3234 prope
1157 3138 1188 3211 se
1202 3140 1281 3213 loca
1296 3142 1415 3219 habeat

442 3272 503 3337 ea,
516 3248 576 3320 ubi
594 3247 755 3346 pabulum
777 3247 817 3320 fit
835 3247 993 3344 frequens
1017 3249 1057 3318 &
1078 3271 1164 3343 aqua
1182 3241 1277 3342 pura.
1300 3248 1336 3319 Si
1357 3275 1415 3345 pa·

441 3357 562 3431 bulum
582 3355 732 3430 naturale
748 3379 821 3428 non
837 3353 904 3443 cll,
919 3379 959 3426 ea
971 3371 1112 3448 oportet
1128 3353 1312 3429 dominum
1329 3355 1416 3430 sere·

435 3493 508 3559 ire,
533 3495 611 3564 quae
640 3467 787 3540 maxime
813 3465 998 3563 sequuntur
1022 3488 1111 3560 apes
1129 3490 1169 3536 ea
1191 3463 1297 3554 sunt,
1320 3465 1415 3559 rosa,

444 3575 664 3702 serpyllum,
687 3575 896 3673 apiastrum,
919 3599 1095 3672 papaver,
1114 3572 1217 3663 faba,
1242 3521 1340 3666 letis,
1366 3577 1416 3673 pi·

360 3770 363 3779 Ι
446 3685 543 3779 sum,
558 3687 709 3762 ocimum
720 3713 935 3786 ‚‚cyperum
949 3686 1105 3777 Medica,
1114 3685 1416 3789 &maximecyti

445 3796 518 3871 sum
532 3800 662 3912 ‚quod
684 3798 875 3871 valentibus
897 3795 1107 3870 utiliffimum
1130 3795 1187 3870 est.
1210 3799 1351 3871 Etenim
1377 3799 1417 3871 ab

433 3900 655 4003 .aequino&io
678 3931 787 3980 verno
809 3902 961 3980 florere
952 3904 1112 4002 mci'pit,
1104 3907 1156 3980 &
1174 3926 1355 4003 permanet
1377 3909 1417 3983 ad

444 4016 587 4094 alterum
605 4015 847 4119 aequinoffium
869 4015 1054 4092 auctumni.
1073 4017 1138 4092 Sed
1155 4035 1200 4092 nt
1219 4018 1293 4094 hoc
1313 4019 1416 4120 aptis·
