3509 5084
319 604 323 609 .
473 572 541 646 190
619 514 1274 618 tvtTu'ttENTuvARttouts
1388 572 1399 582 „

465 707 528 781 bus
546 703 698 800 moialem
712 701 806 799 gallis
820 699 1037 798 gallinaceis,
1055 700 1143 796 capi.
1156 700 1213 772 De
1237 699 1408 774 medicina
1423 754 1437 792 ,

466 817 522 892 vel
543 813 772 911 plurimasunt
794 812 829 898 in
852 811 949 909 equis
974 812 1012 883 δι
1037 809 1126 909 signa
1141 810 1368 892 morborum,
1396 813 1439 886 δι

467 949 591 1026 genera
612 923 852 1011 curationum,
868 947 945 1020 quae
970 921 1137 1018 pastorem
1165 921 1284 1017 scripta
1307 920 1437 994 habere

378 1050 380 1057 '
467 1051 618 1128 oportet.
637 1033 809 1128 iraqueob
831 1033 901 1103 hoc
922 1031 957 1102 in
973 1029 1107 1104 Graecia
1127 1031 1335 1127 potiffimum
1358 1055 1435 1106 rne-

468 1144 537 1219 dici
559 1169 721 1240 pecorum
745 1157 900 1241 tartarus
919 1142 1089 1240 appellati.

518 1258 607 1327 Vsll.
626 1256 715 1328 Cum
730 1255 803 1327 haec
822 1254 1059 1350 loqueremur,
1078 1251 1206 1327 venita
1229 1253 1367 1325 Menate
1390 1250 1435 1324 li·

467 1362 600 1452 bertus,
614 1363 672 1461 qui
686 1361 855 1461 dicarliba
869 1359 1020 1434 absoluta
1037 1360 1103 1434 esse
1116 1416 1128 1450 ,
1143 1365 1180 1435 &
1195 1386 1265 1433 rem
1279 1360 1434 1435 divinam

468 1493 642 1572 paratam:
661 1473 685 1545 st
705 1472 856 1560 vellent,
871 1471 1028 1559 venirent
1043 1472 1150 1561 illuc,
1169 1473 1207 1546 &
1230 1471 1291 1568 ipfi
1315 1497 1382 1569 pro
1402 1474 1435 1546 se

469 1583 744 1663 sacrificarentur.
762 1586 837 1682 Ego
852 1607 961 1672 vero,
976 1587 1123 1678 inquam,
1133 1607 1202 1656 vos
1216 1583 1266 1656 ire
1284 1608 1358 1657 non
1375 1609 1438 1681 pa-

427 1774 430 1783 ,
469 1699 534 1769 tiar
555 1715 654 1784 anre,
676 1720 778 1792 quam
804 1694 885 1766 mihi
913 1694 1122 1767 reddideritis
1145 1694 1282 1767 tertium
1301 1695 1435 1786 adium,

468 1808 512 1879 de
532 1806 653 1892 mulis,
669 1806 710 1878 de
727 1805 890 1894 canibus,
907 1805 948 1876 de
969 1801 1170 1900 pastoribus.
1187 1804 1307 1878 Brevis
1321 1806 1437 1880 oratio

468 1918 512 1990 de
527 1916 613 2007 istis,
628 1915 736 2013 inquit
757 1919 948 1990 Mutunus.
966 1939 1044 1987 nam
1064 1915 1147 1989 muli
1164 1917 1203 1990 δι
1221 1914 1319 1987 hinni
1337 1915 1437 2016 bige-

468 2027 566 2117 neri‚
588 2043 689 2123 atque
703 2024 855 2116 inducis,
873 2051 945 2099 non
967 2024 1087 2121 suopte
1108 2049 1228 2124 genere
1249 2027 1291 2097 ab
1312 2026 1438 2114 radici·

467 2139 546 2224 bus.
574 2162 615 2209 ex
641 2162 725 2233 equa
747 2137 837 2209 enim
862 2138 901 2210 δι
922 2135 1015 2210 asino
1039 2133 1078 2207 sit
1102 2135 1221 2208 mulus
1244 2156 1367 2210 contra
1392 2160 1438 2210 ex
1480 2227 1482 2230 Ι

469 2270 563 2344 equo
579 2249 620 2321 dr
634 2247 721 2319 asina
737 2246 869 2319 hinnus.
889 2250 1043 2343 Uterque
1066 2242 1184 2318 eorum
1201 2247 1243 2317 ad
1258 2246 1355 2318 usum
1369 2246 1438 2320 uti·

470 2359 525 2447 lis,
539 2375 637 2455 partu
647 2357 770 2430 fruuus
784 2376 911 2430 neuter.
922 2355 1054 2430 Pullum
1063 2354 1227 2429 asininum
1241 2374 1259 2428 a
1272 2375 1371 2454 partu
1382 2383 1437 2433 re·

470 2487 605 2543 centem
620 2466 799 2556 subjiciunt
810 2491 922 2565 equae,
935 2465 1128 2562 cujushsie
1139 2467 1322 2564 ampliores
1336 2467 1437 2560 fiunt,

408 2592 413 2599 '
471 2578 567 2674 quod
581 2578 616 2650 id
630 2575 732 2662 laste,
744 2602 843 2672 quam
859 2577 1045 2662 asininum,
1060 2577 1173 2652 realia
1187 2578 1303 2674 omnia
1317 2580 1439 2654 dicunt

471 2683 538 2758 esse
557 2684 688 2757 melius.
713 2687 876 2756 Praeterea
902 2686 1046 2758 educant
1064 2711 1141 2761 eum
1165 2687 1293 2783 paleis,
1309 2686 1438 2779 foeno,

471 2797 593 2873 ordeo.
615 2795 716 2869 Matri
736 2795 961 2892 suppofiticiae
982 2812 1124 2895 quoque
1136 2798 1345 2884 inserviunt,
1362 2823 1440 2896 quo

263 2952 277 2963 -
335 2961 338 2966 .
472 2929 561 3002 equa
585 2905 628 2978 ad
658 2904 877 2978 ministerium
902 2903 995 2978 sadis
1020 2904 1134 2978 cibum
1160 2906 1255 3001 pullo
1288 2907 1442 3002 praebere

472 3014 584 3112 possit.
606 3016 671 3089 Hic
691 3016 737 3088 ira
756 3016 891 3089 edusius
909 3016 1064 3106 atrimo,
1079 3015 1189 3112 potest
1209 3017 1353 3092 admitti.
1375 3043 1439 3092 ne·

471 3148 540 3221 que
559 3123 648 3207 enim
668 3122 880 3218 aspernatur,
894 3145 1035 3221 propter
1048 3125 1323 3201 consuetudinem
1338 3127 1439 3227 equi·

472 3258 563 3325 nam.
581 3235 684 3306 Hune
702 3233 869 3305 minorem
888 3234 910 3304 st
930 3233 1120 3324 admiseris,
1134 3237 1255 3332 &ipse
1275 3237 1376 3311 citius
1392 3238 1439 3311 se·

255 3412 257 3417 .
353 3409 371 3429 ,,
474 3340 599 3434 nescit,
612 3346 650 3416 δι
672 3369 747 3442 quae
761 3368 803 3415 ex
824 3369 867 3416 eo
888 3345 1132 3443 concipiuntur
1153 3342 1242 3422 fiunt
1256 3350 1438 3424 deteriora.

474 3451 547 3544 Qui
567 3479 637 3547 non
658 3454 782 3527 habent
801 3479 877 3528 eum
903 3455 1051 3546 asinum,
1072 3482 1173 3552 quem
1191 3459 1439 3555 supposuerunt

474 3587 594 3658 eque,
614 3565 652 3636 &
672 3564 799 3636 asinum
826 3562 1047 3637 admissarium
1069 3564 1193 3640 habere
1214 3568 1440 3656 volunt,·de

475 3673 574 3746 asinis
605 3697 705 3768 quem
730 3674 965 3770 amplissimum
981 3674 1328 3776 sormofiffimumque
1357 3677 1442 3774 pos·

476 3781 577 3870 sunt,
598 3780 736 3878 eligunt.
752 3782 878 3880 quique
899 3783 1042 3856 semitrio
1062 3806 1160 3859 natus
1179 3786 1218 3859 fit
1239 3788 1441 3878 b.ono,Ar·

476 3889 616 3979 radico,
635 3907 673 3962 ut
692 3890 821 3987 antiqui
841 3890 1019 3981 dicebant,
1038 3913 1152 3966 urnos
1164 3894 1293 3990 experti
1307 3894 1442 3987 sumus,

477 3998 648 4087 Reatino:
668 4000 729 4086 ubi
750 4003 895 4080 trecenis
915 4029 957 4082 ac
975 4004 1189 4106 quadrigenis
1208 4004 1360 4081 millibus
1381 4006 1443 4081 ad·
