3509 5084
561 567 636 639 DE
662 565 732 636 aa:
754 540 1015 637 Rustica
1041 563 1137 634 ιιι.
1164 562 1219 639 ιιι,
1305 585 1374 659 237
1428 605 1431 618 .

408 729 492 801 loco
522 728 729 826 inquinato,
754 745 811 800 aut
841 751 907 816 eo,
933 725 993 823 qui
1017 723 1103 799 male
1127 722 1240 811 oleat,
1267 747 1376 819 neque

407 839 508 911 etiam
531 838 565 909 in
591 836 734 940 eo,''qui
763 837 854 907 bona
880 834 951 906 olet
976 852 1161 930 unguenta.
1185 832 1298 928 itaque
1324 832 1375 911 his

405 953 526 1023 nntius
543 950 603 1048 qui
624 950 779 1035 accellit,
803 965 968 1043 pungunt.
992 971 1063 1018 non
1088 964 1126 1017 ut
1148 946 1272 1018 muscae
1288 945 1376 1042 ligu-

406 1059 521 1149 riunt,
546 1063 766 1158 quod'nemo
789 1059 847 1130 has
873 1059 965 1130 videt
984 1056 1048 1155 (ut
1069 1053 1170 1154 illas)
1192 1057 1376 1144 incarne,

404 1185 463 1240 aut
482 1169 663 1266 sanguine,
680 1187 737 1241 aut
763 1168 870 1264 adipe.
895 1166 973 1239 ideo
990 1167 1096 1237 modo
1114 1165 1314 1254 considunt,
1337 1164 1375 1235 in

404 1301 477 1375 quo
499 1280 545 1352 est
567 1281 666 1376 sapor
681 1279 798 1352 dulcis.
821 1278 964 1348 Minime
985 1274 1161 1364 malefica,
1178 1276 1273 1373 quod
1297 1274 1377 1347 nul-

402 1385 469 1459 lius
496 1412 583 1489 opus
603 1388 765 1461 vellicans
787 1387 868 1460 facit
896 1387 1065 1459 deterius:
1091 1411 1199 1481 neque
1224 1385 1374 1482 ignava,

402 1481 442 1569 ut
464 1522 556 1587 non,
571 1498 630 1596 qui
646 1499 719 1593 ejus
741 1524 829 1596 opus
851 1488 997 1571 cbnetur
1018 1497 1224 1584 disturbare,
1239 1496 1375 1570 resistat.
1465 1503 1469 1506 ’

401 1607 524 1704 Neque
545 1627 658 1682 tamen
684 1610 795 1682 nescia
816 1610 883 1681 suae
906 1607 1168 1695 imbecillitatis;
1193 1634 1270 1705 quae
1296 1632 1374 1680 cum

401 1721 500 1792 causa
523 1720 690 1793 musarum
719 1723 786 1801 'effe
811 1724 966 1796 dicantur
988 1721 1175 1807 volucres,
1194 1722 1288 1818 quod
1311 1724 1374 1810 δι,

400 1829 429 1900 si
453 1831 591 1926 quando
615 1829 800 1923 displicatae
822 1830 923 1917 sunt,
948 1829 1115 1926 cymbalis
1141 1834 1178 1902 δι
1204 1828 1373 1923 plausibus

399 1961 547 2009 numero
570 1937 737 2009 reducunt
758 1936 925 2009 inlocum
947 1961 1065 2008 tanum.
1091 1940 1133 2009 Et
1159 1956 1197 2008 ut
1215 1936 1266 2007 his
1294 1937 1373 2010 Diis

388 2043 574 2130 ‘Helicona
595 2067 698 2146 atque
723 2048 908 2147 Olympon
938 2048 1164 2121 attribueiunt
1189 2047 1375 2138 homines,

401 2159 449 2232 fic
470 2160 521 2232 his
540 2159 684 2232 lloridos
700 2161 737 2232 &
751 2159 902 2232 incultos
920 2181 1038 2230 natura
1061 2158 1214 2232 attribuit
1228 2177 1373 2234 montes.

357 2284 359 2290 '
391 2272 528 2367 ¹Regem
549 2269 643 2341 suum
668 2268 875 2364 sequuntur,
897 2291 1106 2366 quocunque
1130 2269 1178 2358 it,
1198 2269 1373 2342 &sellum
1429 2345 1433 2350 ,

401 2379 605 2465 sublevant3
629 2379 725 2468 &‚fi
753 2377 870 2476 nequit
893 2378 1029 2467 volare,
1049 2377 1260 2467 succollant,
1279 2379 1374 2474 quod

401 2513 478 2562 eum
503 2487 634 2564 servare
658 2490 794 2580 volunt.
820 2491 940 2585 Neque
958 2486 1036 2584 iplae
1062 2487 1138 2560 sunt
1158 2487 1349 2561 inficientes
1360 2540 1378 2579 ,›

399 2625 559 2673 necnon
592 2600 741 2671 oderunt
765 2598 901 2671 inertes.
930 2598 1044 2696 itaque
1077 2597 1274 2671 insectantes
1300 2625 1319 2670 a
1342 2597 1374 2671 se

397 2709 544 2810 ejiciunt
564 2710 687 2800 fucos,
710 2711 806 2805 quod
827 2709 862 2781 hi
890 2734 1000 2807 neque
1026 2707 1217 2804 adjuvant,
1241 2711 1279 2783 δι
1306 2708 1374 2782 mel

400 2821 630 2896 consumunt:
647 2846 734 2918 quos
751 2818 975 2894 vocificantes
992 2821 1106 2913 plures
1123 2819 1372 2915 persequuntur
1388 2842 1390 2845 ’

399 2931 502 3003 etiam
521 2957 648 3024 paucae.
667 2931 771 2999 Extra
793 2927 914 2998 ostium
939 2927 1031 3022 alvei
1048 2926 1370 3010 obturant'omnia‚

400 3065 469 3135 qua
493 3038 589 3111 venit
610 3039 699 3108 inter
720 3037 821 3110 favos
843 3036 1002 3134 spiritus,
1026 3062 1128 3132 quam
1154 3050 1288 3133 {piaclum
1309 3059 1372 3135 ap·-
1395 3080 1399 3086 -

399 3147 526 3246 pellant
545 3146 667 3219 Graeci.
685 3149 816 3248 Omnes
830 3167 868 3220 ut
887 3148 922 3218 in
936 3147 1087 3220 exercitu
1102 3147 1252 3233 vivunt,
1269 3170 1371 3246 atque

399 3256 537 3330 alternis
555 3256 751 3344 dormiunt‚·
772 3259 809 3329 δι
831 3281 918 3352 opus
942 3255 1072 3329 faciunt
1090 3257 1237 3352 pariter,
1266 3262 1303 3332 &
1330 3278 1370 3333 ut

340 3450 341 3453 Ἴ
400 3365 555 3441 colonias
571 3366 719 3438 mittunt.
742 3367 855 3465 Hique
876 3369 979 3439 duces
1002 3367 1195 3439 conficiunt
1214 3369 1368 3462 quadam

400 3476 443 3548 ad
463 3500 588 3549 vocem
606 3495 643 3546 ut
663 3476 854 3547 imitatione
868 3476 968 3546 tubae.
983 3494 1055 3546 tum
1070 3475 1103 3548 id
1123 3474 1275 3564 faciunt,
1290 3502 1370 3551 cum

399 3584 489 3655 inter
510 3583 542 3654 se
555 3582 645 3679 signa
665 3583 754 3680 pacis
771 3607 809 3655 ac
825 3582 904 3653 belli
925 3583 1079 3654 habeant.
1097 3584 1180 3676 Sed,
1205 3606 1228 3654 o
1250 3587 1369 3656 Meru-

399 3690 433 3766 la
448 3748 460 3782 ,
478 3693 582 3765 Axius
602 3694 714 3765 noller
729 3720 792 3781 ne,
808 3695 885 3763 dum
902 3693 972 3765 haec
986 3692 1100 3783 audit,
1119 3693 1291 3790 physicam
1305 3696 1368 3771 ad-?

401 3805 522 3893 discat,
545 3805 639 3901 quod
659 3807 700 3876 de
722 3805 829 3876 frutlu
847 3803 933 3874 nihil
954 3803 1046 3890 dixi,
1064 3830 1155 3876 nunc
1170 3803 1267 3876 cursu
1282 3807 1366 3877 lam·
1406 3786 1419 3803 ¹

400 3916 487 4010 pada
502 3915 564 3986 tibi
585 3915 691 3989 trade.
713 3918 901 3997 MERULA,
916 3915 972 3985 D'e
993 3912 1101 3983 fruclu
1117 3966 1128 4001 ‚
1147 3913 1281 4008 inquit,
1296 3916 1365 3989 hoc
1469 3950 1477 3957 ·

402 4024 482 4101 dico
495 4080 508 4116 ‚
522 4027 617 4126 quod
638 4027 775 4102 furtalle
789 4051 834 4101 an
854 4025 917 4102 tibi
943 4024 1103 4123 satisfit,
1123 4029 1218 4118 Axi,
1239 4024 1276 4098 in
1296 4047 1368 4124 quo
