3509 5084
746 581 945 652 VITA.
1245 584 1312 662 cus

324 757 441 813 tuens
469 733 639 810 Afranium
668 738 709 810 &
731 739 946 823 Varronem,
966 732 1118 830 Pompeii
1147 732 1299 833 legatos,

342 848 545 923 submovere
555 900 565 935 ‚
574 844 728 941 illiusque
741 845 892 942 legiones
903 848 942 918 δι
954 844 1151 941 provintias
1168 846 1298 944 redige·

343 983 381 1029 re
395 958 429 1030 in
440 955 635 1052 poteslatem
646 954 754 1042 suam,
768 954 846 1025 inde
858 956 893 1024 in
906 951 1124 1048 Pompeium,
1137 956 1232 1056 nullo
1246 981 1299 1028 re·

343 1065 427 1138 litto
445 1091 464 1138 a
485 1083 581 1160 tergo
597 1062 713 1150 hoste,
732 1087 879 1157 pergere.
894 1065 937 1134 Et
957 1063 1113 1159 quamvis
1128 1063 1162 1134 in
1182 1065 1300 1137 crebra

344 1172 512 1268 pericula,
532 1171 614 1244 hinc
634 1194 777 1266 corpore
790 1169 915 1243 insidiis
933 1171 1201 1258 circumventus,
1217 1170 1300 1243 hinc

345 1279 527 1376 praesertim
541 1304 601 1375 per
619 1277 738 1375 samem
757 1287 923 1353 exercitus
944 1278 990 1350 sui
1005 1280 1191 1353 incurtiffe't
1203 1331 1213 1360 ,
1226 1295 1300 1352 non¹
1365 1332 1369 1346 .

346 1410 425 1462 ante
445 1409 558 1462 tamen
581 1389 752 1476 infestati,
774 1390 946 1476 lacessere,
963 1391 1218 1465 circumvallare
1240 1392 1302 1463 des

346 1499 658 1599 stititillos,quam
683 1499 795 1571 castris
812 1525 931 1573 eornm
954 1504 991 1575 &
1012 1501 1121 1597 copiis
1140 1500 1216 1572 esset
1232 1518 1301 1596 poi
1383 1537 1385 1542 ·

346 1610 438 1682 titus.
454 1612 565 1682 Florus
582 1613 636 1682 lib.
651 1636 690 1700 4,
705 1638 772 1702 cap.
783 1638 824 1697 2,
836 1636 882 1708 39
896 1636 909 1681 .·
923 1608 975 1681 Sic
990 1609 1127 1682 citerior
1144 1609 1301 1704 Hispania

347 1737 479 1813 recepta
504 1717 568 1807 est,
582 1742 645 1790 nec
662 1718 803 1790 ulterior
822 1744 952 1790 moram
975 1718 1065 1793 fecit.
1078 1705 1186 1812 'Quid
1209 1720 1301 1792 enim

348 1852 414 1898 una
436 1825 512 1923 post
532 1825 683 1925 quinque
706 1826 881 1922 legiones?
903 1828 1018 1923 ltaque
1044 1828 1134 1900 ultro
1156 1829 1301 1934 ,cedente

349 1940 524 2024 Varrone,
537 1939 673 2025 Gades,
684 1935 804 2020 fretum
816 1990 827 2024 ,
841 1939 1020 2023 Oceanus,
1033 1937 1147 2010 omnia
1162 1936 1301 2011 felicita·

349 2064 415 2118 tem
438 2044 576 2118 Caesaris
597 2044 829 2143 sequebantur.
849 2050 955 2119 Multo
976 2052 1091 2118 clarius
1112 2044 1303 2119 &extantus
1439 2092 1441 2096 .

282 2175 287 2180 '
348 2162 481 2250 exponit
495 2161 555 2229 lanc
568 2158 630 2251 ipse
641 2161 750 2243 *Julius
765 2158 867 2250 Cesar
879 2161 934 2229 lib.
948 2188 959 2228 r
974 2163 1218 2246 debellantis,
1232 2162 1313 2253 cup.x
1375 2191 1378 2196 ·
1400 2194 1404 2205 “

370 2266 423 2361 8.·
436 2265 595 2339 Adventu
619 2267 761 2338 Vibullii
782 2264 881 2356 Rusi,
900 2292 999 2364 quem
1013 2294 1030 2340 a
1044 2268 1208 2364 Pompejo
1223 2269 1303 2341 mis·
1394 2265 1396 2270 ’

286 2380 329 2479 J'‚;
343 2292 477 2457 lumin
498 2375 687 2472 Hispaniam
709 2379 970 2450 demonllratum
990 2378 1060 2468 est,
1082 2377 1239 2452 Afranius
1264 2378 1304 2451 δι

252 2542 264 2563 ,
331 2481 500 2580 ·Petrejus
517 2487 555 2559 δι
578 2490 716 2575 Varro3
739 2487 839 2585 legati
863 2487 1196 2585 Pompeji‚quorum
1216 2509 1304 2559 unus

348 2597 455 2668 tribus
486 2595 676 2694 legionibus
710 2598 902 2692 Hispaniam
932 2599 1148 2686 citeriorem,
1175 2597 1259 2670 alter
1283 2621 1309 2670 a-

293 2754 297 2759 -
350 2703 433 2776 saltu
447 2703 678 2775 Castulonensi
694 2706 734 2776 ad
754 2708 859 2811 rlnam
875 2707 999 2780 duabus
1012 2706 1201 2805 legionibus
1210 2759 1221 2793 ,
1234 2725 1304 2776 ter·
1355 2733 1358 2745 ·

350 2812 415 2884 tius
434 2812 476 2883 ab
490 2815 587 2898 Ana,
602 2815 789 2885 Vettonum
811 2839 927 2910 agrum
946 2814 1211 2910 Lusitaniamque
1232 2813 1305 2907 pari

350 2944 494 2993 numeto
516 2920 692 3016 legionum
716 2923 918 3007 obtinebat,
937 2921 1047 2994 officia
1068 2922 1154 2992 inter
1174 2920 1206 2990 se
1229 2942 1305 3012 par·

293 3088 298 3099 ,
351 3026 500 3099 tiuntur:
516 3046 555 3098 ut
569 3025 714 3120 Petrejus
734 3052 776 3100 ex
795 3027 962 3100 Lusitania
976 3052 1034 3123 per
1049 3030 1214 3100 Vettones
1226 3048 1304 3098 cum

350 3134 510 3210 omnibus
532 3133 641 3230 copiis
665 3137 708 3209 ad
728 3135 902 3210 Afranium
915 3135 1173 3234 ‘proficiscatur3
1194 3139 1306 3210 Varro

351 3269 433 3317 cum
455 3244 521 3331 iis,
539 3269 622 3342 quas
646 3246 812 3338 habebat,
833 3248 1024 3346 legionibus
1055 3271 1192 3320 omnem
1217 3247 1306 3318 ulte-

350 3351 483 3423 riotem
506 3352 695 3449 Hispaniam
722 3374 863 3429 tueatur.
888 3359 958 3449 Lib.
978 3384 1020 3444 2,
1035 3383 1103 3450 cap.
1131 3383 1168 3451 ¹7
1185 3352 1218 3426 ἃ
1239 3355 1306 3424 18:

351 3465 401 3534 M.
421 3463 532 3534 Vatro
555 3463 590 3534 in
611 3464 771 3536 ulteriore
792 3463 950 3558 Hispania
972 3463 1073 3535 initio
1099 3462 1243 3559 cognitis
1265 3460 1308 3534 iis

352 3571 474 3662 rebus,
488 3596 563 3668 quae
580 3563 654 3645 sunt
675 3573 710 3643 in
730 3572 823 3645 ltalia
837 3571 954 3669 gestae,
968 3573 1120 3647 diffidens
1134 3570 1308 3668 Pompeia·

353 3678 404 3754 nis
424 3681 543 3770 rebus,
562 3681 753 3754 amicillime
772 3680 815 3754 de
836 3679 966 3753 Caesare
985 3681 1208 3778 loquebatur:
1224 3706 1308 3775 prae·

354 3809 557 3884 occupatum
585 3788 649 3863 sese
670 3790 837 3888 legatione
857 3790 900 3861 ab
919 3790 986 3888 Cn.
1008 3789 1189 3887 Pompeio,
1202 3788 1328 3861 teneri-

354 3896 549 3968 obstriHum
571 3895 660 3970 lide:
680 3898 951 3971 neceffitudinem
964 3898 1102 3994 quidem
1119 3896 1184 3979 fstbi
1200 3894 1309 3968 nihilo
1334 3927 1336 3931 ·

353 4004 526 4079 minorem
548 4029 625 4083 cum
645 4006 774 4080 Caesate
791 4006 1014 4094 intetcedete;
1035 4026 1145 4104 neque
1159 4002 1192 4076 se
1209 4002 1310 4105 igno·
