<?xml version="1.0" encoding="UTF-8"?>
<!DOCTYPE html PUBLIC "-//W3C//DTD XHTML 1.0 Transitional//EN"
    "http://www.w3.org/TR/xhtml1/DTD/xhtml1-transitional.dtd">
<html xmlns="http://www.w3.org/1999/xhtml" xml:lang="en" lang="en">
 <head>
  <title>
</title>
<meta http-equiv="Content-Type" content="text/html;charset=utf-8" />
  <meta name='ocr-system' content='tesseract 3.04.00' />
  <meta name='ocr-capabilities' content='ocr_page ocr_carea ocr_par ocr_line ocrx_word'/>
</head>
<body>
  <div class='ocr_page' id='page_1' title='image "./scriptoresreiru02gesngoog_0039.png"; bbox 0 0 3509 5084; ppageno 0'>
   <div class='ocr_carea' id='block_1_1' title="bbox 560 542 1262 617">
    <p class='ocr_par' dir='ltr' id='par_1_1' title="bbox 560 542 1262 617">
     <span class='ocr_line' id='line_1_1' title="bbox 560 542 1262 617; baseline 0.007 -5"><span class='ocrx_word' id='word_1_1' title='bbox 560 542 1008 614; x_wconf 67' lang='lat' dir='ltr'><em>PRAEFATIQ</em></span> <span class='ocrx_word' id='word_1_2' title='bbox 1130 561 1262 617; x_wconf 68' lang='lat' dir='ltr'>nmt</span> 
     </span>
    </p>
   </div>
   <div class='ocr_carea' id='block_1_2' title="bbox 246 696 1283 2325">
    <p class='ocr_par' dir='ltr' id='par_1_2' title="bbox 300 696 1275 1785">
     <span class='ocr_line' id='line_1_2' title="bbox 300 696 1263 795; baseline -0.006 -15"><span class='ocrx_word' id='word_1_3' title='bbox 300 702 508 781; x_wconf 82' lang='lat' dir='ltr'>curatiffirno</span> <span class='ocrx_word' id='word_1_4' title='bbox 527 703 636 776; x_wconf 85' lang='lat' dir='ltr'>studio</span> <span class='ocrx_word' id='word_1_5' title='bbox 655 728 673 775; x_wconf 91' lang='lat' dir='ltr'>a</span> <span class='ocrx_word' id='word_1_6' title='bbox 695 701 728 789; x_wconf 80' lang='lat' dir='ltr'>se</span> <span class='ocrx_word' id='word_1_7' title='bbox 751 700 989 795; x_wconf 79' lang='lat' dir='ltr'>compositum.</span> <span class='ocrx_word' id='word_1_8' title='bbox 1003 700 1150 773; x_wconf 88' lang='lat' dir='ltr'>Videbar</span> <span class='ocrx_word' id='word_1_9' title='bbox 1171 696 1263 774; x_wconf 88' lang='lat' dir='ltr'>enim</span> 
     </span>
     <span class='ocr_line' id='line_1_3' title="bbox 302 808 1263 908; baseline -0.007 -19"><span class='ocrx_word' id='word_1_10' title='bbox 302 815 392 889; x_wconf 90' lang='lat' dir='ltr'>mihi</span> <span class='ocrx_word' id='word_1_11' title='bbox 412 812 480 908; x_wconf 83' lang='lat' dir='ltr'>ipse</span> <span class='ocrx_word' id='word_1_12' title='bbox 498 811 555 885; x_wconf 74' lang='lat' dir='ltr'>virt</span> <span class='ocrx_word' id='word_1_13' title='bbox 580 809 840 906; x_wconf 82' lang='lat' dir='ltr'>reprehensione</span> <span class='ocrx_word' id='word_1_14' title='bbox 865 810 1115 904; x_wconf 85' lang='lat' dir='ltr'>carere-polle,</span> <span class='ocrx_word' id='word_1_15' title='bbox 1140 808 1163 881; x_wconf 81' lang='lat' dir='ltr'>st</span> <span class='ocrx_word' id='word_1_16' title='bbox 1185 828 1263 882; x_wconf 88' lang='lat' dir='ltr'>tan·</span> 
     </span>
     <span class='ocr_line' id='line_1_4' title="bbox 304 915 1264 1017; baseline 0 -22"><span class='ocrx_word' id='word_1_17' title='bbox 304 946 380 995; x_wconf 90' lang='lat' dir='ltr'>tam</span> <span class='ocrx_word' id='word_1_18' title='bbox 403 919 688 1017; x_wconf 78' lang='lat' dir='ltr'>opportunitatem</span> <span class='ocrx_word' id='word_1_19' title='bbox 707 915 999 1012; x_wconf 87' lang='lat' dir='ltr'>juvandioperis,</span> <span class='ocrx_word' id='word_1_20' title='bbox 1014 917 1113 992; x_wconf 88' lang='lat' dir='ltr'>nimis</span> <span class='ocrx_word' id='word_1_21' title='bbox 1132 918 1201 994; x_wconf 87' lang='lat' dir='ltr'>fere</span> <span class='ocrx_word' id='word_1_22' title='bbox 1222 922 1264 995; x_wconf 87' lang='lat' dir='ltr'>ad</span> 
     </span>
     <span class='ocr_line' id='line_1_5' title="bbox 305 1026 1266 1129; baseline 0 -25"><span class='ocrx_word' id='word_1_23' title='bbox 305 1035 399 1105; x_wconf 89' lang='lat' dir='ltr'>hunc</span> <span class='ocrx_word' id='word_1_24' title='bbox 414 1031 505 1107; x_wconf 77' lang='lat' dir='ltr'>¹tliem</span> <span class='ocrx_word' id='word_1_25' title='bbox 534 1027 695 1124; x_wconf 71' lang='lat' dir='ltr'>neglecti,</span> <span class='ocrx_word' id='word_1_26' title='bbox 713 1026 928 1101; x_wconf 84' lang='lat' dir='ltr'><strong>dimitterem.</strong></span> <span class='ocrx_word' id='word_1_27' title='bbox 952 1029 1123 1102; x_wconf 81' lang='lat' dir='ltr'>Ambabus</span> <span class='ocrx_word' id='word_1_28' title='bbox 1145 1030 1266 1129; x_wconf 83' lang='lat' dir='ltr'>igitur,</span> 
     </span>
     <span class='ocr_line' id='line_1_6' title="bbox 307 1135 1267 1239; baseline 0.003 -27"><span class='ocrx_word' id='word_1_29' title='bbox 307 1143 400 1239; x_wconf 86' lang='lat' dir='ltr'>quod</span> <span class='ocrx_word' id='word_1_30' title='bbox 414 1140 532 1236; x_wconf 78' lang='lat' dir='ltr'>ajunt,</span> <span class='ocrx_word' id='word_1_31' title='bbox 546 1137 716 1232; x_wconf 86' lang='lat' dir='ltr'>amplexus</span> <span class='ocrx_word' id='word_1_32' title='bbox 730 1135 801 1208; x_wconf 84' lang='lat' dir='ltr'>sum</span> <span class='ocrx_word' id='word_1_33' title='bbox 815 1159 939 1208; x_wconf 86' lang='lat' dir='ltr'>munus</span> <span class='ocrx_word' id='word_1_34' title='bbox 949 1136 1152 1227; x_wconf 89' lang='lat' dir='ltr'>amicorum,</span> <span class='ocrx_word' id='word_1_35' title='bbox 1166 1160 1267 1238; x_wconf 89' lang='lat' dir='ltr'>atque</span> 
     </span>
     <span class='ocr_line' id='line_1_7' title="bbox 308 1245 1269 1344; baseline 0 -22"><span class='ocrx_word' id='word_1_36' title='bbox 308 1251 390 1323; x_wconf 88' lang='lat' dir='ltr'>illud</span> <span class='ocrx_word' id='word_1_37' title='bbox 404 1276 485 1323; x_wconf 90' lang='lat' dir='ltr'>cum</span> <span class='ocrx_word' id='word_1_38' title='bbox 500 1247 583 1320; x_wconf 85' lang='lat' dir='ltr'>meis</span> <span class='ocrx_word' id='word_1_39' title='bbox 594 1245 812 1338; x_wconf 74' lang='lat' dir='ltr'>conjelluris,</span> <span class='ocrx_word' id='word_1_40' title='bbox 826 1249 863 1319; x_wconf 75' lang='grc' dir='ltr'>δε</span> <span class='ocrx_word' id='word_1_41' title='bbox 874 1247 1172 1337; x_wconf 80' lang='lat' dir='ltr'>annotationibus,</span> <span class='ocrx_word' id='word_1_42' title='bbox 1184 1275 1269 1344; x_wconf 91' lang='lat' dir='ltr'>pro·</span> 
     </span>
     <span class='ocr_line' id='line_1_8' title="bbox 310 1356 1271 1457; baseline -0.005 -22"><span class='ocrx_word' id='word_1_43' title='bbox 310 1381 385 1457; x_wconf 90' lang='lat' dir='ltr'>pter</span> <span class='ocrx_word' id='word_1_44' title='bbox 402 1360 488 1431; x_wconf 87' lang='lat' dir='ltr'>alias</span> <span class='ocrx_word' id='word_1_45' title='bbox 506 1357 771 1452; x_wconf 78' lang='lat' dir='ltr'>occupationes,</span> <span class='ocrx_word' id='word_1_46' title='bbox 785 1358 824 1429; x_wconf 78' lang='grc' dir='ltr'>δι</span> <span class='ocrx_word' id='word_1_47' title='bbox 839 1356 934 1451; x_wconf 88' lang='lat' dir='ltr'>quod</span> <span class='ocrx_word' id='word_1_48' title='bbox 951 1357 1059 1430; x_wconf 90' lang='lat' dir='ltr'>moles</span> <span class='ocrx_word' id='word_1_49' title='bbox 1072 1358 1185 1452; x_wconf 85' lang='lat' dir='ltr'>operis</span> <span class='ocrx_word' id='word_1_50' title='bbox 1202 1358 1271 1452; x_wconf 83' lang='lat' dir='ltr'>jam</span> 
     </span>
     <span class='ocr_line' id='line_1_9' title="bbox 308 1462 1271 1565; baseline -0.002 -22"><span class='ocrx_word' id='word_1_51' title='bbox 308 1469 548 1556; x_wconf 79' lang='lat' dir='ltr'>metuebatur,</span> <span class='ocrx_word' id='word_1_52' title='bbox 567 1462 796 1553; x_wconf 83' lang='lat' dir='ltr'>&#39;breviffimis,</span> <span class='ocrx_word' id='word_1_53' title='bbox 815 1464 851 1537; x_wconf 93' lang='lat' dir='ltr'>in</span> <span class='ocrx_word' id='word_1_54' title='bbox 874 1468 1032 1539; x_wconf 85' lang='lat' dir='ltr'>medium·</span> <span class='ocrx_word' id='word_1_55' title='bbox 1045 1495 1145 1565; x_wconf 89' lang='lat' dir='ltr'>quam</span> <span class='ocrx_word' id='word_1_56' title='bbox 1170 1469 1271 1563; x_wconf 91' lang='lat' dir='ltr'>potui</span> 
     </span>
     <span class='ocr_line' id='line_1_10' title="bbox 310 1572 1272 1676; baseline -0.002 -23"><span class='ocrx_word' id='word_1_57' title='bbox 310 1578 557 1676; x_wconf 87' lang='lat' dir='ltr'>diligentiffime</span> <span class='ocrx_word' id='word_1_58' title='bbox 572 1573 708 1651; x_wconf 90' lang='lat' dir='ltr'>contuli</span> <span class='ocrx_word' id='word_1_59' title='bbox 720 1626 731 1664; x_wconf 91' lang='lat'>,</span> <span class='ocrx_word' id='word_1_60' title='bbox 744 1572 877 1669; x_wconf 83' lang='lat' dir='ltr'>adjutus</span> <span class='ocrx_word' id='word_1_61' title='bbox 887 1575 1067 1674; x_wconf 83' lang='lat' dir='ltr'>aliquoties</span> <span class='ocrx_word' id='word_1_62' title='bbox 1080 1578 1120 1650; x_wconf 91' lang='lat' dir='ltr'>ab</span> <span class='ocrx_word' id='word_1_63' title='bbox 1131 1580 1185 1652; x_wconf 74' lang='lat'>10.</span> <span class='ocrx_word' id='word_1_64' title='bbox 1198 1580 1272 1651; x_wconf 73' lang='grc' dir='ltr'>ΖΑ-</span> 
     </span>
     <span class='ocr_line' id='line_1_11' title="bbox 312 1684 1275 1785; baseline 0.001 -24"><span class='ocrx_word' id='word_1_65' title='bbox 312 1707 466 1761; x_wconf 68' lang='lat' dir='ltr'>cnama</span> <span class='ocrx_word' id='word_1_66' title='bbox 478 1687 687 1763; x_wconf 71' lang='lat' dir='ltr'>PLATNERO</span> <span class='ocrx_word' id='word_1_67' title='bbox 700 1735 711 1774; x_wconf 94' lang='lat'>,</span> <span class='ocrx_word' id='word_1_68' title='bbox 722 1684 856 1781; x_wconf 86' lang='lat' dir='ltr'>medico</span> <span class='ocrx_word' id='word_1_69' title='bbox 870 1710 941 1758; x_wconf 88' lang='lat' dir='ltr'>non</span> <span class='ocrx_word' id='word_1_70' title='bbox 957 1688 1067 1760; x_wconf 81' lang='lat' dir='ltr'>nunus</span> <span class='ocrx_word' id='word_1_71' title='bbox 1077 1713 1185 1785; x_wconf 70' lang='lat' dir='ltr'>,quam</span> <span class='ocrx_word' id='word_1_72' title='bbox 1199 1691 1275 1785; x_wconf 91' lang='lat' dir='ltr'>phi·</span> 
     </span>
    </p>

    <p class='ocr_par' dir='ltr' id='par_1_3' title="bbox 246 1790 1283 2325">
     <span class='ocr_line' id='line_1_12' title="bbox 311 1790 1275 1897; baseline 0.004 -30"><span class='ocrx_word' id='word_1_73' title='bbox 311 1796 433 1892; x_wconf 87' lang='lat' dir='ltr'>lologo</span> <span class='ocrx_word' id='word_1_74' title='bbox 454 1793 739 1890; x_wconf 64' lang='lat' dir='ltr'>prestantiffimo:</span> <span class='ocrx_word' id='word_1_75' title='bbox 753 1790 968 1897; x_wconf 87' lang='lat' dir='ltr'>perfecique,</span> <span class='ocrx_word' id='word_1_76' title='bbox 988 1793 1105 1886; x_wconf 84' lang='lat' dir='ltr'>spero,</span> <span class='ocrx_word' id='word_1_77' title='bbox 1122 1815 1160 1867; x_wconf 90' lang='lat' dir='ltr'>ut</span> <span class='ocrx_word' id='word_1_78' title='bbox 1182 1822 1275 1872; x_wconf 87' lang='lat' dir='ltr'>nunc</span> 
     </span>
     <span class='ocr_line' id='line_1_13' title="bbox 246 1892 1277 2002; baseline 0.001 -25"><span class='ocrx_word' id='word_1_79' title='bbox 246 1892 261 1901; x_wconf 47' lang='lat'>&#39;¹</span> <span class='ocrx_word' id='word_1_80' title='bbox 303 1902 442 1996; x_wconf 70' lang='lat' dir='ltr'>majore</span> <span class='ocrx_word' id='word_1_81' title='bbox 462 1922 558 1999; x_wconf 87' lang='lat' dir='ltr'>parte</span> <span class='ocrx_word' id='word_1_82' title='bbox 577 1900 827 1985; x_wconf 79' lang='lat' dir='ltr'>monstrorum,</span> <span class='ocrx_word' id='word_1_83' title='bbox 846 1926 930 1996; x_wconf 60' lang='lat' dir='ltr'>quacv</span> <span class='ocrx_word' id='word_1_84' title='bbox 944 1900 1145 1978; x_wconf 88' lang='lat' dir='ltr'>obsederunt</span> <span class='ocrx_word' id='word_1_85' title='bbox 1166 1907 1277 2002; x_wconf 82' lang='lat' dir='ltr'>Vege-</span> 
     </span>
     <span class='ocr_line' id='line_1_14' title="bbox 315 2010 1280 2110; baseline 0.004 -26"><span class='ocrx_word' id='word_1_86' title='bbox 315 2012 423 2104; x_wconf 87' lang='lat' dir='ltr'>tium,</span> <span class='ocrx_word' id='word_1_87' title='bbox 438 2010 809 2109; x_wconf 83' lang='lat' dir='ltr'>profligata,cognolci</span> <span class='ocrx_word' id='word_1_88' title='bbox 818 2011 1032 2084; x_wconf 82' lang='lat' dir='ltr'>commodius</span> <span class='ocrx_word' id='word_1_89' title='bbox 1044 2067 1056 2100; x_wconf 93' lang='lat'>,</span> <span class='ocrx_word' id='word_1_90' title='bbox 1069 2014 1108 2086; x_wconf 76' lang='grc' dir='ltr'>δι</span> <span class='ocrx_word' id='word_1_91' title='bbox 1122 2013 1197 2110; x_wconf 90' lang='lat' dir='ltr'>plus</span> <span class='ocrx_word' id='word_1_92' title='bbox 1213 2015 1280 2088; x_wconf 87' lang='lat' dir='ltr'>uti·</span> 
     </span>
     <span class='ocr_line' id='line_1_15' title="bbox 316 2120 1279 2219; baseline 0.003 -24"><span class='ocrx_word' id='word_1_93' title='bbox 316 2122 421 2197; x_wconf 86' lang='lat' dir='ltr'>litatis</span> <span class='ocrx_word' id='word_1_94' title='bbox 440 2122 591 2218; x_wconf 70' lang='lat' dir='ltr'>prebere</span> <span class='ocrx_word' id='word_1_95' title='bbox 610 2120 887 2215; x_wconf 62' lang='lat' dir='ltr'>studiofis‘quear.</span> <span class='ocrx_word' id='word_1_96' title='bbox 903 2123 991 2214; x_wconf 84' lang='lat' dir='ltr'>Quae</span> <span class='ocrx_word' id='word_1_97' title='bbox 1004 2121 1180 2218; x_wconf 86' lang='lat' dir='ltr'>supersunt</span> <span class='ocrx_word' id='word_1_98' title='bbox 1195 2151 1279 2219; x_wconf 88' lang='lat' dir='ltr'>pau·</span> 
     </span>
     <span class='ocr_line' id='line_1_16' title="bbox 322 2228 1283 2325; baseline 0.002 -20"><span class='ocrx_word' id='word_1_99' title='bbox 322 2258 387 2320; x_wconf 90' lang='lat' dir='ltr'>ca,</span> <span class='ocrx_word' id='word_1_100' title='bbox 407 2258 447 2305; x_wconf 85' lang='lat' dir='ltr'>ea</span> <span class='ocrx_word' id='word_1_101' title='bbox 463 2231 556 2303; x_wconf 81' lang='lat' dir='ltr'>forte</span> <span class='ocrx_word' id='word_1_102' title='bbox 575 2228 696 2305; x_wconf 82' lang='lat' dir='ltr'>confici</span> <span class='ocrx_word' id='word_1_103' title='bbox 714 2232 753 2302; x_wconf 87' lang='lat'>&amp;</span> <span class='ocrx_word' id='word_1_104' title='bbox 768 2229 838 2325; x_wconf 87' lang='lat' dir='ltr'>ipsa</span> <span class='ocrx_word' id='word_1_105' title='bbox 857 2248 1020 2324; x_wconf 88' lang='lat' dir='ltr'>poterunt</span> <span class='ocrx_word' id='word_1_106' title='bbox 1042 2233 1192 2306; x_wconf 87' lang='lat' dir='ltr'>adhibito</span> <span class='ocrx_word' id='word_1_107' title='bbox 1205 2239 1283 2307; x_wconf 82' lang='lat' dir='ltr'>Co-</span> 
     </span>
    </p>
   </div>
   <div class='ocr_carea' id='block_1_3' title="bbox 324 2337 1399 2432">
    <p class='ocr_par' dir='ltr' id='par_1_4' title="bbox 324 2337 1399 2432">
     <span class='ocr_line' id='line_1_17' title="bbox 324 2337 1399 2432; baseline 0.002 -22"><span class='ocrx_word' id='word_1_108' title='bbox 324 2340 402 2414; x_wconf 88' lang='lat' dir='ltr'>dice</span> <span class='ocrx_word' id='word_1_109' title='bbox 422 2340 494 2411; x_wconf 86' lang='lat' dir='ltr'>Ms.</span> <span class='ocrx_word' id='word_1_110' title='bbox 514 2338 787 2426; x_wconf 83' lang='lat' dir='ltr'>membranaceo,</span> <span class='ocrx_word' id='word_1_111' title='bbox 805 2361 905 2432; x_wconf 91' lang='lat' dir='ltr'>quem</span> <span class='ocrx_word' id='word_1_112' title='bbox 928 2337 1015 2411; x_wconf 89' lang='lat' dir='ltr'>inter</span> <span class='ocrx_word' id='word_1_113' title='bbox 1029 2338 1134 2410; x_wconf 88' lang='lat' dir='ltr'>libros</span> <span class='ocrx_word' id='word_1_114' title='bbox 1156 2341 1283 2415; x_wconf 89' lang='lat' dir='ltr'>biblio·</span> <span class='ocrx_word' id='word_1_115' title='bbox 1397 2417 1399 2421; x_wconf 59' lang='grc'>,</span> 
     </span>
    </p>
   </div>
   <div class='ocr_carea' id='block_1_4' title="bbox 323 2447 1287 2982">
    <p class='ocr_par' dir='ltr' id='par_1_5' title="bbox 323 2447 1287 2982">
     <span class='ocr_line' id='line_1_18' title="bbox 323 2447 1286 2544; baseline -0.003 -20"><span class='ocrx_word' id='word_1_116' title='bbox 323 2455 433 2526; x_wconf 84' lang='lat' dir='ltr'>thecae</span> <span class='ocrx_word' id='word_1_117' title='bbox 460 2448 624 2524; x_wconf 75' lang='lat' dir='ltr'>Caesareae&#39;</span> <span class='ocrx_word' id='word_1_118' title='bbox 640 2447 899 2544; x_wconf 85' lang='lat' dir='ltr'>philosophicos</span> <span class='ocrx_word' id='word_1_119' title='bbox 922 2450 960 2522; x_wconf 90' lang='lat'>&amp;</span> <span class='ocrx_word' id='word_1_120' title='bbox 987 2447 1219 2544; x_wconf 84' lang='lat' dir='ltr'>philologicos</span> <span class='ocrx_word' id='word_1_121' title='bbox 1250 2475 1286 2522; x_wconf 75' lang='lat' dir='ltr'>n,</span> 
     </span>
     <span class='ocr_line' id='line_1_19' title="bbox 323 2557 1285 2655; baseline -0.003 -21"><span class='ocrx_word' id='word_1_122' title='bbox 323 2581 448 2634; x_wconf 78' lang='lat' dir='ltr'>Lxxxl</span> <span class='ocrx_word' id='word_1_123' title='bbox 468 2559 662 2633; x_wconf 84' lang='lat' dir='ltr'>numeravit</span> <span class='ocrx_word' id='word_1_124' title='bbox 680 2558 754 2632; x_wconf 83' lang='lat' dir='ltr'>seb.</span> <span class='ocrx_word' id='word_1_125' title='bbox 775 2558 1043 2655; x_wconf 83' lang='lat' dir='ltr'>Tengnagelius,</span> <span class='ocrx_word' id='word_1_126' title='bbox 1058 2561 1153 2655; x_wconf 91' lang='lat' dir='ltr'>quod</span> <span class='ocrx_word' id='word_1_127' title='bbox 1173 2557 1285 2652; x_wconf 79' lang='lat' dir='ltr'>subje-</span> 
     </span>
     <span class='ocr_line' id='line_1_20' title="bbox 324 2667 1285 2766; baseline -0.003 -20"><span class='ocrx_word' id='word_1_128' title='bbox 324 2673 372 2747; x_wconf 88' lang='lat' dir='ltr'>cit</span> <span class='ocrx_word' id='word_1_129' title='bbox 391 2670 473 2743; x_wconf 86' lang='lat' dir='ltr'>mihi</span> <span class='ocrx_word' id='word_1_130' title='bbox 487 2670 540 2742; x_wconf 83' lang='lat' dir='ltr'>Cl.</span> <span class='ocrx_word' id='word_1_131' title='bbox 559 2667 750 2756; x_wconf 88' lang='lat' dir='ltr'>Fabricius,</span> <span class='ocrx_word' id='word_1_132' title='bbox 771 2688 808 2739; x_wconf 88' lang='lat' dir='ltr'>ut</span> <span class='ocrx_word' id='word_1_133' title='bbox 827 2671 864 2742; x_wconf 78' lang='grc' dir='ltr'>δι</span> <span class='ocrx_word' id='word_1_134' title='bbox 884 2668 996 2756; x_wconf 86' lang='lat' dir='ltr'>illud,</span> <span class='ocrx_word' id='word_1_135' title='bbox 1015 2669 1149 2766; x_wconf 85' lang='lat' dir='ltr'>Vegetii</span> <span class='ocrx_word' id='word_1_136' title='bbox 1168 2696 1285 2755; x_wconf 81' lang='lat' dir='ltr'>exem·</span> 
     </span>
     <span class='ocr_line' id='line_1_21' title="bbox 325 2776 1287 2877; baseline 0 -27"><span class='ocrx_word' id='word_1_137' title='bbox 325 2781 418 2877; x_wconf 86' lang='lat' dir='ltr'>plum</span> <span class='ocrx_word' id='word_1_138' title='bbox 440 2803 518 2853; x_wconf 91' lang='lat' dir='ltr'>cum</span> <span class='ocrx_word' id='word_1_139' title='bbox 542 2777 635 2851; x_wconf 89' lang='lat' dir='ltr'>notis</span> <span class='ocrx_word' id='word_1_140' title='bbox 652 2779 744 2849; x_wconf 84' lang='lat' dir='ltr'><strong>MSS.</strong></span> <span class='ocrx_word' id='word_1_141' title='bbox 761 2776 854 2850; x_wconf 83' lang='lat' dir='ltr'>fuisse</span> <span class='ocrx_word' id='word_1_142' title='bbox 879 2777 914 2849; x_wconf 91' lang='lat' dir='ltr'>in</span> <span class='ocrx_word' id='word_1_143' title='bbox 933 2778 1137 2852; x_wconf 87' lang='lat' dir='ltr'>bibliotheca</span> <span class='ocrx_word' id='word_1_144' title='bbox 1157 2781 1210 2851; x_wconf 90' lang='lat' dir='ltr'>Cl.</span> <span class='ocrx_word' id='word_1_145' title='bbox 1227 2782 1287 2852; x_wconf 79' lang='lat' dir='ltr'>Al·</span> 
     </span>
     <span class='ocr_line' id='line_1_22' title="bbox 326 2888 1287 2982; baseline -0.003 -18"><span class='ocrx_word' id='word_1_146' title='bbox 326 2889 533 2976; x_wconf 87' lang='lat' dir='ltr'>melovenii;</span> <span class='ocrx_word' id='word_1_147' title='bbox 546 2913 610 2962; x_wconf 91' lang='lat' dir='ltr'>nec</span> <span class='ocrx_word' id='word_1_148' title='bbox 626 2913 700 2962; x_wconf 91' lang='lat' dir='ltr'>non</span> <span class='ocrx_word' id='word_1_149' title='bbox 712 2889 804 2977; x_wconf 90' lang='lat' dir='ltr'>hoc,</span> <span class='ocrx_word' id='word_1_150' title='bbox 819 2889 983 2964; x_wconf 90' lang='lat' dir='ltr'>Codicem</span> <span class='ocrx_word' id='word_1_151' title='bbox 999 2892 1069 2961; x_wconf 87' lang='lat' dir='ltr'>MS.</span> <span class='ocrx_word' id='word_1_152' title='bbox 1085 2888 1186 2979; x_wconf 84' lang='lat' dir='ltr'>hujus</span> <span class='ocrx_word' id='word_1_153' title='bbox 1200 2913 1287 2982; x_wconf 91' lang='lat' dir='ltr'>ope·</span> 
     </span>
    </p>
   </div>
   <div class='ocr_carea' id='block_1_5' title="bbox 328 2996 1445 3096">
    <p class='ocr_par' dir='ltr' id='par_1_6' title="bbox 328 2996 1445 3096">
     <span class='ocr_line' id='line_1_23' title="bbox 328 2996 1445 3096; baseline -0.012 -20"><span class='ocrx_word' id='word_1_154' title='bbox 328 3003 377 3076; x_wconf 86' lang='lat' dir='ltr'>ris</span> <span class='ocrx_word' id='word_1_155' title='bbox 395 3002 488 3075; x_wconf 76' lang='lat' dir='ltr'>fuisse</span> <span class='ocrx_word' id='word_1_156' title='bbox 510 2998 659 3096; x_wconf 88' lang='lat' dir='ltr'>Neapoli</span> <span class='ocrx_word' id='word_1_157' title='bbox 686 3001 776 3096; x_wconf 83' lang='lat' dir='ltr'>appd</span> <span class='ocrx_word' id='word_1_158' title='bbox 796 2998 956 3070; x_wconf 87' lang='lat' dir='ltr'>illustrem</span> <span class='ocrx_word' id='word_1_159' title='bbox 977 2996 1088 3071; x_wconf 90' lang='lat' dir='ltr'>virum</span> <span class='ocrx_word' id='word_1_160' title='bbox 1108 2996 1286 3094; x_wconf 85' lang='lat' dir='ltr'>losephunr</span> <span class='ocrx_word' id='word_1_161' title='bbox 1358 3000 1365 3013; x_wconf 86' lang='lat'><strong><em>‘</em></strong></span> <span class='ocrx_word' id='word_1_162' title='bbox 1442 3048 1445 3063; x_wconf 93' lang='lat'>.</span> 
     </span>
    </p>
   </div>
   <div class='ocr_carea' id='block_1_6' title="bbox 329 3102 1335 4083">
    <p class='ocr_par' dir='ltr' id='par_1_7' title="bbox 329 3102 1335 3974">
     <span class='ocr_line' id='line_1_24' title="bbox 329 3102 1289 3206; baseline 0.002 -24"><span class='ocrx_word' id='word_1_163' title='bbox 329 3113 539 3198; x_wconf 76' lang='lat' dir='ltr'>Vallettam3</span> <span class='ocrx_word' id='word_1_164' title='bbox 563 3110 665 3205; x_wconf 88' lang='lat' dir='ltr'>idque</span> <span class='ocrx_word' id='word_1_165' title='bbox 694 3110 804 3206; x_wconf 84' lang='lat' dir='ltr'>ipsum</span> <span class='ocrx_word' id='word_1_166' title='bbox 833 3133 922 3206; x_wconf 87' lang='lat' dir='ltr'>opus</span> <span class='ocrx_word' id='word_1_167' title='bbox 951 3133 1027 3181; x_wconf 89' lang='lat' dir='ltr'>cum</span> <span class='ocrx_word' id='word_1_168' title='bbox 1053 3102 1125 3182; x_wconf 91' lang='lat' dir='ltr'>aliis</span> <span class='ocrx_word' id='word_1_169' title='bbox 1153 3112 1289 3184; x_wconf 89' lang='lat' dir='ltr'>Veteri·</span> 
     </span>
     <span class='ocr_line' id='line_1_25' title="bbox 331 3218 1291 3315; baseline 0.003 -24"><span class='ocrx_word' id='word_1_170' title='bbox 331 3220 433 3292; x_wconf 78' lang='lat' dir='ltr'>nanis</span> <span class='ocrx_word' id='word_1_171' title='bbox 456 3218 521 3290; x_wconf 80' lang='lat' dir='ltr'>elle</span> <span class='ocrx_word' id='word_1_172' title='bbox 541 3219 742 3315; x_wconf 79' lang='lat' dir='ltr'>Noribcrgae</span> <span class='ocrx_word' id='word_1_173' title='bbox 767 3243 869 3315; x_wconf 88' lang='lat' dir='ltr'>penes</span> <span class='ocrx_word' id='word_1_174' title='bbox 891 3218 1104 3292; x_wconf 88' lang='lat' dir='ltr'>Gottfridum</span> <span class='ocrx_word' id='word_1_175' title='bbox 1136 3221 1291 3294; x_wconf 85' lang='lat' dir='ltr'>Thoma-</span> 
     </span>
     <span class='ocr_line' id='line_1_26' title="bbox 331 3327 1291 3427; baseline 0.004 -28"><span class='ocrx_word' id='word_1_176' title='bbox 331 3327 441 3417; x_wconf 84' lang='lat' dir='ltr'>stum,</span> <span class='ocrx_word' id='word_1_177' title='bbox 454 3328 587 3417; x_wconf 88' lang='lat' dir='ltr'>virum,</span> <span class='ocrx_word' id='word_1_178' title='bbox 602 3352 703 3427; x_wconf 89' lang='lat' dir='ltr'>quem</span> <span class='ocrx_word' id='word_1_179' title='bbox 719 3331 756 3402; x_wconf 80' lang='grc' dir='ltr'>δι</span> <span class='ocrx_word' id='word_1_180' title='bbox 771 3351 835 3400; x_wconf 86' lang='lat' dir='ltr'>nos</span> <span class='ocrx_word' id='word_1_181' title='bbox 847 3328 978 3424; x_wconf 81' lang='lat' dir='ltr'>experti</span> <span class='ocrx_word' id='word_1_182' title='bbox 993 3327 1103 3402; x_wconf 84' lang='lat' dir='ltr'>sumus</span> <span class='ocrx_word' id='word_1_183' title='bbox 1119 3329 1291 3404; x_wconf 81' lang='lat' dir='ltr'>htunanis-</span> 
     </span>
     <span class='ocr_line' id='line_1_27' title="bbox 332 3436 1335 3531; baseline 0.004 -21"><span class='ocrx_word' id='word_1_184' title='bbox 332 3437 480 3526; x_wconf 85' lang='lat' dir='ltr'>fimum,</span> <span class='ocrx_word' id='word_1_185' title='bbox 498 3437 552 3510; x_wconf 84' lang='lat' dir='ltr'>sed</span> <span class='ocrx_word' id='word_1_186' title='bbox 568 3438 609 3510; x_wconf 92' lang='lat' dir='ltr'>de</span> <span class='ocrx_word' id='word_1_187' title='bbox 627 3438 691 3511; x_wconf 88' lang='lat' dir='ltr'>hac</span> <span class='ocrx_word' id='word_1_188' title='bbox 706 3461 744 3510; x_wconf 85' lang='lat' dir='ltr'>re</span> <span class='ocrx_word' id='word_1_189' title='bbox 768 3456 908 3531; x_wconf 84' lang='lat' dir='ltr'>propter</span> <span class='ocrx_word' id='word_1_190' title='bbox 929 3436 1137 3509; x_wconf 82' lang='lat' dir='ltr'>necessariam</span> <span class='ocrx_word' id='word_1_191' title='bbox 1157 3437 1293 3514; x_wconf 87' lang='lat' dir='ltr'>festina·</span> <span class='ocrx_word' id='word_1_192' title='bbox 1326 3446 1335 3457; x_wconf 78' lang='grc'><strong>“</strong></span> 
     </span>
     <span class='ocr_line' id='line_1_28' title="bbox 335 3543 1294 3644; baseline 0.004 -28"><span class='ocrx_word' id='word_1_193' title='bbox 335 3546 467 3618; x_wconf 88' lang='lat' dir='ltr'>tionem</span> <span class='ocrx_word' id='word_1_194' title='bbox 498 3546 642 3620; x_wconf 78' lang='lat' dir='ltr'>nostram</span> <span class='ocrx_word' id='word_1_195' title='bbox 668 3545 874 3639; x_wconf 88' lang='lat' dir='ltr'>compellare</span> <span class='ocrx_word' id='word_1_196' title='bbox 899 3543 1123 3632; x_wconf 77' lang='lat' dir='ltr'>nolebamus3</span> <span class='ocrx_word' id='word_1_197' title='bbox 1148 3547 1294 3644; x_wconf 90' lang='lat' dir='ltr'>denique</span> 
     </span>
     <span class='ocr_line' id='line_1_29' title="bbox 334 3653 1294 3746; baseline -0.003 -17"><span class='ocrx_word' id='word_1_198' title='bbox 334 3657 428 3746; x_wconf 93' lang='lat' dir='ltr'>hoc,</span> <span class='ocrx_word' id='word_1_199' title='bbox 441 3656 637 3730; x_wconf 89' lang='lat' dir='ltr'>meditatum</span> <span class='ocrx_word' id='word_1_200' title='bbox 656 3657 720 3729; x_wconf 81' lang='lat' dir='ltr'>elie</span> <span class='ocrx_word' id='word_1_201' title='bbox 737 3657 792 3729; x_wconf 88' lang='lat' dir='ltr'>lo.</span> <span class='ocrx_word' id='word_1_202' title='bbox 814 3653 1010 3727; x_wconf 81' lang='lat' dir='ltr'><em>RHODwM</em></span> <span class='ocrx_word' id='word_1_203' title='bbox 1032 3655 1214 3730; x_wconf 88' lang='lat' dir='ltr'>editionem</span> <span class='ocrx_word' id='word_1_204' title='bbox 1232 3660 1294 3727; x_wconf 92' lang='lat' dir='ltr'>hu·</span> 
     </span>
     <span class='ocr_line' id='line_1_30' title="bbox 334 3764 1295 3865; baseline -0.001 -26"><span class='ocrx_word' id='word_1_205' title='bbox 334 3765 388 3862; x_wconf 85' lang='lat' dir='ltr'>jus</span> <span class='ocrx_word' id='word_1_206' title='bbox 402 3764 536 3861; x_wconf 84' lang='lat' dir='ltr'>operis,</span> <span class='ocrx_word' id='word_1_207' title='bbox 550 3765 615 3865; x_wconf 92' lang='lat' dir='ltr'>(id</span> <span class='ocrx_word' id='word_1_208' title='bbox 631 3767 725 3862; x_wconf 88' lang='lat' dir='ltr'>quod</span> <span class='ocrx_word' id='word_1_209' title='bbox 743 3764 1001 3837; x_wconf 83' lang='lat' dir='ltr'>observaverarn</span> <span class='ocrx_word' id='word_1_210' title='bbox 1017 3764 1117 3837; x_wconf 86' lang='lat' dir='ltr'>etiam</span> <span class='ocrx_word' id='word_1_211' title='bbox 1132 3792 1174 3839; x_wconf 87' lang='lat' dir='ltr'>ex</span> <span class='ocrx_word' id='word_1_212' title='bbox 1193 3764 1295 3859; x_wconf 75' lang='lat' dir='ltr'>ipsius</span> 
     </span>
     <span class='ocr_line' id='line_1_31' title="bbox 335 3870 1298 3974; baseline 0.001 -22"><span class='ocrx_word' id='word_1_213' title='bbox 335 3877 466 3952; x_wconf 87' lang='lat' dir='ltr'>Lexico</span> <span class='ocrx_word' id='word_1_214' title='bbox 489 3877 622 3951; x_wconf 85' lang='lat' dir='ltr'>Scribo.</span> <span class='ocrx_word' id='word_1_215' title='bbox 648 3879 736 3950; x_wconf 89' lang='lat' dir='ltr'>Voc.</span> <span class='ocrx_word' id='word_1_216' title='bbox 755 3871 897 3971; x_wconf 81' lang='lat' dir='ltr'>Fecula)</span> <span class='ocrx_word' id='word_1_217' title='bbox 925 3897 1025 3974; x_wconf 89' lang='lat' dir='ltr'>atque</span> <span class='ocrx_word' id='word_1_218' title='bbox 1050 3874 1127 3949; x_wconf 87' lang='lat' dir='ltr'>loca</span> <span class='ocrx_word' id='word_1_219' title='bbox 1154 3870 1298 3972; x_wconf 68' lang='lat' dir='ltr'>suspeila</span> 
     </span>
    </p>

    <p class='ocr_par' dir='ltr' id='par_1_8' title="bbox 410 3987 1279 4083">
     <span class='ocr_line' id='line_1_32' title="bbox 410 3987 1279 4083; baseline -0.005 -23"><span class='ocrx_word' id='word_1_220' title='bbox 410 3992 543 4083; x_wconf 82' lang='lat' dir='ltr'>Scriptt.</span> <span class='ocrx_word' id='word_1_221' title='bbox 559 3991 604 4059; x_wconf 82' lang='lat' dir='ltr'>R.</span> <span class='ocrx_word' id='word_1_222' title='bbox 622 3989 664 4062; x_wconf 88' lang='lat' dir='ltr'>R.</span> <span class='ocrx_word' id='word_1_223' title='bbox 681 3990 755 4061; x_wconf 86' lang='lat' dir='ltr'>Vol.</span> <span class='ocrx_word' id='word_1_224' title='bbox 767 3987 796 4062; x_wconf 87' lang='lat' dir='ltr'>I.</span> <span class='ocrx_word' id='word_1_225' title='bbox 1125 4006 1156 4057; x_wconf 67' lang='lat' dir='ltr'>e</span> <span class='ocrx_word' id='word_1_226' title='bbox 1275 4074 1279 4081; x_wconf 93' lang='lat'><em>.</em></span> 
     </span>
    </p>
   </div>
   <div class='ocr_carea' id='block_1_7' title="bbox 0 0 1814 5084">
    <p class='ocr_par' dir='ltr' id='par_1_9' title="bbox 0 0 1814 5084">
     <span class='ocr_line' id='line_1_33' title="bbox 0 0 1814 5084; baseline 0 0"><span class='ocrx_word' id='word_1_227' title='bbox 0 0 1814 5084; x_wconf 95' lang='lat' dir='ltr'> </span> 
     </span>
    </p>
   </div>
  </div>
 </body>
</html>
