3509 5084
308 536 311 543 ’
443 564 493 639 ,ιε
588 563 1293 655 uroumuscnro

293 754 299 765 ·
444 728 497 805 ibi
513 728 636 802 oculos
650 726 827 803 arundinis
845 729 947 825 pedes
967 746 1085 801 ternos
1104 712 1207 803 alium
1221 729 1264 802 ab
1280 724 1350 801 alio
1365 726 1418 801 sei

442 839 525 913 rito.
540 837 591 910 lbi
605 837 788 910 corrudam
801 836 918 928 serito,
930 838 1021 910 unde
1034 836 1182 934 asparagi
1196 835 1290 912 fiant.
1300 835 1418 938 (Nam

376 948 380 957 '
442 947 615 1022 convenit
631 947 871 1019 arundinetum
894 973 972 1021 cum
989 949 1154 1035 corruda,
1168 972 1213 1022 eo
1227 946 1307 1044 quia
1323 946 1420 1021 fodi-

442 1077 527 1145 tur,
545 1060 583 1133 dc
595 1056 811 1148 incenditur,
823 1062 862 1133 &
882 1058 1037 1131 umbram
1055 1082 1116 1155 per
1130 1078 1264 1155 ternpus
1277 1055 1420 1159 habet.)

440 1164 590 1240 Salicem
613 1169 770 1239 Graecam
800 1166 933 1241 circum
958 1166 1197 1241 arundinetum
1222 1162 1347 1254 serito,
1368 1164 1423 1241 uti
1458 1212 1461 1218 -

442 1278 508 1354 stet
525 1277 586 1376 qui
602 1277 739 1352 vineam
756 1276 881 1374 alliges.
894 1274 1039 1347 Vineam
1053 1298 1128 1374 quo
1140 1274 1177 1348 in
1189 1298 1272 1375 agro
1286 1270 1423 1349 conseri

442 1406 610 1485 oportet,
626 1388 672 1461 fic
685 1360 882 1458 obtinuero.
895 1384 966 1477 Qui
980 1383 1082 1457 locus
1099 1384 1188 1459 vino
1204 1382 1354 1482 optimus
1368 1384 1423 1458 di·

440 1516 543 1573 cetur
560 1497 646 1585 esse,
661 1497 700 1569 δι
720 1493 873 1567 ostentus
889 1493 979 1582 soli,
1000 1492 1049 1563 ibi
1062 1493 1281 1569 Amimraeum
1305 1492 1421 1568 minu-

440 1607 597 1695 sculum,
616 1599 842 1701 &geminum
863 1623 1052 1698 eugeneum
1064 1651 1078 1690 ,
1091 1598 1291 1676 helveolum
1305 1601 1422 1677 minu·

441 1716 574 1793 sculum
587 1712 772 1790 conserito.
790 1712 864 1806 Qui
884 1712 982 1786 locus
998 1711 1120 1787 crassus
1134 1712 1220 1802 erit,
1239 1730 1298 1786 aut
1312 1713 1421 1787 nebu·

440 1824 576 1915 tofior,
589 1821 640 1897 ibi
661 1821 881 1895 Aminnaeum
902 1820 1033 1915 majus,
1055 1839 1115 1895 aut
1137 1821 1420 1921 Murgentinum,

440 1932 627 2031 'Apicium
646 1934 820 2005 Lucanum
845 1929 961 2004 serito.
978 1930 1113 2004 Ceterae
1129 1931 1241 2023 vites,
1260 1929 1423 2006 miscellae
1506 1943 1511 1951 '

443 2044 617 2133 maxime,
631 2042 666 2115 in
680 2040 841 2141 quemvis
863 2066 983 2143 agrum
997 2034 1226 2116 conueniunt.
1378 2040 1380 2047 '

495 2154 571 2225 Vll.
583 2150 740 2224 Fundum
753 2146 985 2223 suburbanum
996 2149 1168 2223 arbullum
1178 2146 1324 2223 maxime
1336 2172 1424 2225 con·

445 2261 548 2339 venit
569 2261 719 2351 habere,
733 2259 771 2334 δι
787 2257 931 2358 ligna&
952 2259 1062 2359 virgae
1076 2258 1195 2335 venire
1214 2260 1370 2357 possunt,
1382 2261 1423 2335 δι

446 2374 595 2448 domino
618 2371 711 2460 erit,
739 2368 800 2465 qui
824 2386 947 2443 utatur.
978 2374 1016 2443 ln
1045 2370 1166 2443 eodem
1190 2367 1300 2445 fundo
1325 2368 1423 2445 suurn

445 2482 615 2582 quidquid
634 2477 771 2552 conseri
786 2495 949 2574 oportet,
963 2477 1169 2576 arbustoque
1188 2479 1295 2554 vitem
1309 2504 1423 2579 copu-

444 2591 520 2663 lari.
536 2586 755 2660 Aminnaeum
777 2586 1034 2678 minusculum,
1052 2589 1093 2663 δι
1114 2587 1358 2685 majusculum,
1378 2586 1421 2663 dc

447 2696 621 2793 Apicium.
643 2697 728 2770 Haec
745 2695 784 2769 in
805 2696 905 2789 ollis,
922 2696 1004 2771 ollae
1022 2696 1060 2771 in
1086 2698 1238 2775 vinaceis
1259 2701 1423 2778 conduct·-¹

445 2825 523 2899 tur,
536 2806 653 2881 eadem
676 2804 712 2879 in
734 2804 837 2903 sapa,
851 2805 889 2881 in
909 2806 1047 2898 mullo,
1067 2807 1105 2881 in
1123 2808 1200 2882 lora
1220 2810 1307 2882 recte
1329 2828 1422 2890 conr·

445 2921 596 3009 duntur,
608 2920 692 3016 qdas
711 2916 891 3016 suspendas
909 2917 1108 3009 duracinas,
1129 2919 1327 2994 Aminneas
1350 2938 1422 2995 mad

445 3032 560 3125 iores,
581 3030 638 3106 vel
652 3030 695 3105 ad
715 3029 851 3107 fabrum
872 3030 1051 3106 serrarium
1064 3057 1132 3130 pro
1151 3034 1247 3131 pallis
1260 3058 1311 3107 eae
1331 3035 1421 3108 rede

445 3144 636 3214 servantur.
651 3141 780 3233 Poma,
794 3142 883 3214 mala
906 3143 1053 3218 struthea
1064 3196 1078 3232 ,
1100 3164 1250 3219 cotonea
1273 3142 1421 3219 scantia-2

444 3274 513 3341 na,
531 3246 765 3342 Quiriniana,
791 3249 873 3323 item
898 3252 966 3325 alia
985 3253 1174 3328 conditiva
1186 3244 1273 3327 mala
1294 3252 1422 3337 mullea

446 3362 487 3436 δι
508 3356 646 3433 Punica.
664 3381 709 3431 eo
734 3356 858 3432 lotium
883 3358 1016 3435 suillum
1037 3380 1096 3435 aut
1113 3359 1238 3437 stercus
1261 3363 1303 3438 ad
1326 3364 1422 3445 radit
1487 3434 1489 3438 .

446 3495 521 3545 cem
535 3469 657 3575 addere
668 3488 836 3567 oportet,
851 3469 904 3543 uti
916 3470 1045 3545 stabilia
1058 3472 1146 3548 mala
1159 3471 1338 3567 siantPira
1352 3463 1426 3550 vo?

445 3581 559 3668 lema,
580 3579 747 3654 Aniciana
773 3581 811 3656 δι
833 3579 1046 3671 sementiva,
1067 3579 1168 3682 (haec
1184 3582 1363 3659 conditiva
1380 3582 1424 3656 in

338 3748 344 3766 ,
444 3690 522 3789 sapa
541 3689 635 3763 bona
651 3708 752 3764 erunt
762 3694 799 3784 ,)
821 3690 1031 3781 Tarentina,
1045 3692 1190 3779 mullet,
1204 3696 1244 3769 &
1258 3691 1437 3772 cucurbi-j'

330 3824 335 3833 ’
376 3876 379 3881 ,
444 3803 527 3876 tina.
546 3806 629 3875 ltem
646 3798 710 3876 alia
727 3825 848 3900 genera
869 3800 1123 3898 quamplurima
1145 3803 1265 3893 serito,
1285 3819 1342 3876 aut
1365 3792 1443 3879 in·‘

445 3910 568 4000 serito,
582 3909 674 3985 oleas
695 3908 871 3998 orchites,
885 3908 994 4005 polias
1009 3962 1020 3999 ,
1037 3934 1086 3982 eae
1106 3909 1246 4006 optimae
1260 3910 1421 3991 condun-¹

444 4037 500 4101 uu
521 4021 579 4100 uel
598 3990 726 4102 virides
740 4020 778 4101 in
793 4019 928 4117 mtuia,
951 4019 1008 4107 vel
1026 4020 1064 4101 in
1085 4019 1229 4105 lentisco
1253 4025 1420 4119 gontusae,
