3509 5084
564 539 1190 673 Daua'ausarcrfnrnu
1279 621 1346 696 177
1402 672 1404 677 ,
1455 535 1458 540 ’

387 782 532 856 porcos,
547 781 618 855 quo
632 755 760 830 alienos
774 755 989 851 aspernantur
1004 780 1013 826 ε
1029 757 1157 830 &ideo
1173 757 1196 828 sr
1210 758 1350 832 conturi

387 871 460 945 bati
473 869 547 940 sunt
560 867 596 938 in
614 866 756 951 foetura,
776 862 814 938 sit
827 866 985 938 deterius.
1001 868 1132 940 Natura
1147 860 1276 942 'divisus
1292 893 1350 942 ea·
1436 868 1438 875 ’

387 1001 464 1049 rum
483 972 886 1068 annus··bisariam,quod
902 964 958 1045 b'is·
975 975 1061 1070 parit
1082 975 1118 1044 in
1140 1000 1241 1048 anno.
1263 1001 1351 1073 qua·

388 1085 494 1158 ternis
512 1082 677 1156 menfibus
697 1081 762 1153 fert
782 1101 961 1170 ventrem,
984 1083 1072 1156 binis
1097 1084 1253 1158 nutricat.
1277 1085 1352 1158 Ha·

390 1220 463 1268 ram
480 1193 589 1267 facere
604 1208 742 1288 oportet
764 1190 899 1264 circiter
912 1191 1015 1264 trium
1037 1192 1160 1288 pedum
1179 1193 1299 1285 altam,
1313 1193 1353 1270 δὲ

392 1305 494 1377 latam
514 1301 656 1397 amplius
678 1301 804 1397 paulo,
817 1323 856 1374 ea
879 1301 1057 1374 altitudine
1083 1305 1140 1375 abs
1166 1306 1274 1396 terra,
1290 1331 1353 1395 ne,

392 1421 474 1489 dum
499 1416 628 1488 exfilire
657 1414 740 1485 velit
761 1437 960 1510 pregnans,
987 1414 1129 1486 abortet.
1154 1414 1353 1490 Altitudinis

394 1527 517 1601 modus
536 1523 596 1614 sat,
615 1545 653 1594 ut
670 1521 823 1594 subulcus
838 1521 948 1594 'facile
973 1522 1227 1619 circumspicere
1254 1525 1356 1621 poffit
1436 1607 1440 1615 ,

395 1624 441 1709 ne
462 1634 519 1731 qui
540 1632 709 1729 porcellus
727 1656 745 1702 a
766 1649 872 1703 matre
894 1630 1125 1727 opprimatur,
1140 1635 1178 1706 δι
1201 1653 1238 1706 ut
1257 1633 1357 1709 facile

397 1768 540 1844 purgare
552 1741 651 1838 poffit
673 1739 793 1813 cubile.¹
816 1744 853 1810 ln
873 1739 961 1845 liaris
980 1739 1103 1811 ostium
1117 1740 1181 1812 effe
1196 1761 1358 1839 oportet,

401 1858 441 1929 &
462 1856 563 1926 limen
578 1851 716 1924 inferius
730 1850 870 1948 [altum]
891 1851 1131 1953 palmipedale,
1147 1878 1191 1924 ne
1205 1855 1301 1951 popei
1315 1877 1361 1928 ert
1433 1920 1440 1935 ,

398 1971 503 2054 hara,
528 1989 605 2036 cum
628 1984 733 2035 mater
752 1963 890 2058 prodit,
911 1963 1077 2035 transilire
1091 1965 1232 2065 poffint.
1257 1968 1360 2061 Quo·

398 2076 597 2169 tiescunque
623 2073 720 2154 haras
748 2070 907 2169 subulcus
932 2080 1072 2169 purgat,
1099 2072 1199 2144 toties
1224 2098 1360 2147 arenam

398 2184 540 2278 injicere
560 2197 719 2273 oportet,
737 2199 795 2250 aut
808 2179 891 2275 quid
903 2169 1014 2270 aliud,
1034 2182 1129 2278 quod
1146 2180 1282 2279 exsugat
1294 2183 1361 2253 hu·

401 2317 556 2379 motem,
575 2286 630 2387 [in
652 2287 954 2386 sanguiasinjicere'
975 2289 1073 2369 debet
1087 2291 1122 2388 t]
1141 2295 1179 2365 δι
1199 2314 1276 2363 cunr
1299 2313 1364 2389 peut

402 2401 526 2500 pererit
539 2454 550 2488 ,
563 2398 708 2494 largiore
729 2397 842 2471 cibatu
863 2399 1062 2489 sustentare,
1076 2425 1147 2498 quo
1167 2398 1298 2474 facilius
1312 2401 1364 2476 lac

403 2510 612 2608 suppeditare
635 2506 747 2604 possrt.
782 2509 819 2580 in
845 2508 968 2606 quibus
994 2510 1089 2580 ordei
1107 2508 1248 2583 circiter
1267 2510 1364 2586 binas
1430 2601 1432 2608 Α

404 2621 508 2692 libras
525 2643 610 2714 aqua
629 2617 833 2691 madesadlas-
845 2617 928 2690 tlare-
943 2617 1050 2690 solent
1062 2634 1073 2709 ,
1086 2620 1124 2692 δι
1142 2620 1212 2693 hoc
1225 2646 1366 2719 quoqne

406 2729 672 2823 conduplicant,
686 2747 724 2800 ut
743 2729 784 2801 stt
798 2753 895 2819 mane
916 2731 956 2802 ὅτ
969 2728 1126 2824 vesperi,
1142 2729 1166 2800 st
1189 2731 1272 2820 alia,
1288 2756 1366 2828 quae

408 2838 573 2934 objiciant
585 2891 597 2928 ,
608 2862 679 2909 non
690 2837 882 2910 habuerint.
904 2838 993 2906 Cum
1007 2836 1104 2930 porci
1118 2836 1245 2928 depulsa
1259 2838 1368 2914 sunta

409 2973 574 3032 mamma,
599 2971 617 3016 a
642 2944 841 3034 quibusdam
867 2942 966 3012 delici
995 2942 1230 3035 appellantur,
1258 2970 1369 3044 neque

390 3065 392 3069 ’
410 3057 477 3155 jam
498 3054 655 3125 laslentes
670 3051 838 3123 dicuntur.
860 3047 953 3143 quia
974 3066 1070 3144 partu
1091 3049 1223 3124 decimo
1237 3053 1290 3126 die
1305 3056 1369 3129 ha-

411 3169 536 3239 bentur
555 3157 650 3256 puri,
662 3158 704 3231 ab
725 3182 769 3229 eo
788 3157 999 3254 appellantur
1010 3159 1053 3230 ab
1074 3158 1221 3259 antiquis
1240 3162 1373 3256 sacres,

412 3272 508 3370 quod
527 3288 598 3340 turn
620 3267 662 3339 ad
680 3263 887 3340 sacrificium'
902 3266 1018 3339 idonei
1034 3267 1199 3341 dicuntur
1212 3272 1372 3365 primunr.
1504 3319 1512 3356 ,-

413 3386 529 3476 ltaque
550 3376 638 3470 apud
656 3375 807 3447 Plautum
820 3375 856 3446 in
875 3375 1112 3463 Menaechmis‚
1128 3400 1204 3448 cum
1219 3379 1372 3457 insanum

415 3513 517 3588 quern
532 3500 647 3581 putat,
666 3505 705 3556 ut
722 3483 831 3578 pietur
844 3484 880 3554 in
898 3484 1030 3579 oppido
1045 3484 1250 3577 Epidamno,
1264 3490 1375 3571 inter-2

417 3616 533 3695 rogat,
548 3592 678 3685 Quanti
696 3592 752 3664 hic
767 3592 864 3687 porci
883 3592 958 3663 sunt
972 3593 1102 3664 sactes?
1116 3594 1150 3664 Si
1168 3591 1291 3674 fundus
1307 3592 1376 3670 msa

351 3788 357 3797 ,
418 3707 548 3790 nisttat,
566 3703 635 3773 dati
651 3700 760 3773 solent
773 3700 929 3792 vinacea,
941 3724 980 3773 ac
994 3701 1085 3797 scopi
1102 3727 1146 3775 ex
1162 3705 1251 3777 uvis.
1266 3706 1384 3780 Antis-f

419 3817 457 3889 so
488 3815 627 3889 nomine
651 3812 820 3902 laslentis,
844 3813 1004 3886 dicuntur
1029 3813 1204 3885 nefrendes
1213 3869 1224 3903 ,
1246 3818 1287 3887 ab
1310 3841 1376 3908 eo,

351 3908 359 3985 'i
421 3925 517 4022 quod
533 3921 682 3993 nondum
696 3919 806 3993 fabam
823 3920 976 3994 frendere
992 3921 1146 4017 possunt,
1161 3923 1193 3994 id
1204 3924 1269 4012 eil,
1283 3924 1379 3998 stan·
1402 3946 1404 3951 ·

420 4059 509 4136 gere.
537 4035 662 4105 Porcus
689 4035 847 4105 Graecum
873 4033 920 4107 esi
945 4057 1073 4107 nomen
1100 4033 1297 4131 antiquum,
1321 4036 1377 4110 sed

494 4150 622 4239 Scriptt.
639 4149 681 4216 R.
700 4146 742 4219 R.
759 4150 832 4219 Vol.
843 4149 873 4219 I.
1196 4147 1234 4216 M
