3509 5084
943 478 951 506 b

667 545 906 617 ·VITA.
1210 572 1275 626 Lx}

246 726 265 737 ''
314 734 430 784 tanum
451 702 619 793 majorem,
640 704 712 796 qui,
730 708 875 797 quamvis
892 707 930 775 id
940 709 1273 808 temporisjuoenites·

304 822 381 914 set,
399 816 544 908 aduersus
559 817 735 906 potentiam
763 835 873 884 tamen
889 816 1064 911 insurgebat
1085 825 1195 913 Fabii,
1219 831 1274 916 qui

312 931 458 1000 annulari
479 927 642 997 uidebatur
666 950 735 993 curn
753 950 808 1010 eo,
828 950 894 993 non
914 928 1067 999 dubitauit
1087 957 1273 1026 oppugnare.

312 1043 383 1109 Sed
398 1035 430 1109 ὃ
448 1035 663 1134 qrtastortum
682 1060 715 1124 eo
732 1038 778 1102 ad
793 1036 906 1104 bellurn
927 1036 963 1104 in
981 1036 1127 1127 Africam
1146 1039 1272 1139 miffirs,

311 1154 371 1219 ubi
388 1149 533 1241 ufitrpare
550 1147 647 1214 cernit
664 1168 728 1213 eum
738 1144 873 1234 finlitam
890 1145 1118 1245 profufionem,
1131 1146 1165 1222 bt
1178 1179 1273 1245 pecu·

311 1261 553 1354 niamprodige
573 1252 724 1350 effundere
743 1257 778 1323 in
799 1258 936 1342 milites,
958 1259 1124 1329 admonuit
1141 1289 1208 1332 eum
1228 1268 1273 1333 li·

314 1377 401 1443 bere:
415 1396 472 1440 nee
483 1366 693 1459 tantisttmtus
705 1366 964 1464 demonstravitfi
970 1367 1163 1464 fatere.sed
1172 1379 1275 1466 quod,

311 1483 471 1553 militibus
496 1480 542 1548 ad
556 1481 729 1568 uobeptatts
754 1470 787 1545 ἃ
809 1480 922 1545 luxum
944 1476 1106 1576 affluentia
1124 1485 1205 1550 ultra
1226 1509 1272 1554 res

276 1657 281 1669 ,
309 1584 494 1688 neteffitrias
514 1584 691 1671 tradue‘lis,
709 1586 848 1677 patriam
863 1584 1081 1680 frugalitatem
1102 1590 1273 1681 labefiut‘la·

311 1726 366 1774 ret.
382 1703 443 1771 Cui
458 1725 525 1769 tum
543 1695 688 1789 respondi
712 1717 741 1763 et
759 1697 886 1786 Scipio,
905 1723 969 1767 non
983 1698 1119 1792 indigere
1130 1702 1169 1793 se
1187 1729 1271 1795 qua·
1335 1691 1348 1711 ⁸

300 1812 386 1912 flore
410 1812 542 1880 nimium
561 1828 699 1892 attento,
717 1808 771 1896 qui
793 1807 839 1873 ad
862 1807 973 1874 bellum
995 1811 1099 1898 plenis
1121 1813 1271 1884 ueheretur

308 1920 414 2004 uelis,
437 1915 613 2015 (stilorum
635 1917 716 1984 enim
736 1912 891 2005 deberefi,
908 1942 973 1984 non
987 1922 1142 2008 pecunia,
1152 1929 1270 2013 populo

312 2030 460 2096 rationem
471 2017 615 2116 reddere)
632 2017 763 2115 discefflt
778 2020 855 2089 Cato
873 2047 914 2090 ex
926 2025 1059 2109 Sicilia,
1072 2018 1106 2093 b
1119 2051 1188 2094 eum
1201 2029 1270 2116 Ea·

310 2138 366 2204 bio
391 2133 521 2225 infinita
540 2133 674 2224 pecunia
698 2125 921 2222 diffipationem
941 2132 1124 2222 Scipionit,
1150 2134 1270 2228 ejusque

310 2243 499 2334 luxuriosas
515 2241 548 2308 in
559 2239 706 2338 palustris
721 2234 754 2309 δ’
769 2240 898 2308 theatris
918 2244 1169 2310 commorationes
1186 2246 1272 2332 apud

310 2358 432 2425 Patres
461 2347 611 2440 insudans
623 2399 636 2437 ,
659 2344 751 2443 quast
769 2372 835 2415 non
860 2348 1024 2416 exereitum
1047 2348 1198 2435 dullaret,
1211 2348 1273 2438 fiel

312 2462 381 2528 dies
388 2456 487 2556 festos
508 2458 658 2548 agitaret,
675 2448 793 2547 effecit,
807 2474 843 2520 ut
859 2455 1049 2524 mitterentur
1063 2457 1109 2524 ad
1126 2479 1193 2525 eum
1212 2453 1270 2525 tri'·

309 2574 390 2640 bani
397 2572 500 2662 plebis
509 2621 521 2655 ,
536 2571 610 2660 qui,
616 2566 654 2665 st
668 2565 712 2633 ita
731 2590 791 2633 rem
811 2565 918 2634 hubert
935 2563 1067 2658 comperi
1090 2588 1142 2636 ent
1150 2619 1162 2652 ,
1176 2588 1269 2637 retra·

311 2684 415 2748 herent
433 2704 501 2746 eum
514 2677 663 2747 Romam.
682 2677 732 2743 At
748 2674 875 2764 Sapit,
894 2700 963 2759 turn
979 2677 1014 2744 in
1032 2679 1104 2745 belli
1115 2701 1269 2768 apparatu

310 2782 476 2884 ostendiffet
494 2783 656 2856 uiiloriam
683 2779 793 2879 ineffe,
814 2779 1025 2879 notaffentqut
1044 2788 1116 2872 illi,
1133 2812 1201 2855 eum
1220 2790 1268 2856 νὶ-

311 2923 375 2967 tere
397 2923 452 2988 per
479 2898 577 2964 otium
598 2919 666 2961 eum
691 2894 801 2962 amicis
828 2893 990 2981 hilariter,
1008 2920 1045 2963 ac
1068 2897 1195 2962 minime
1216 2887 1270 2987 effa

312 3007 351 3074 ob
371 3008 582 3074 liberalitatem
600 3001 736 3092 inferiis
761 2996 961 3094 &grauibus
987 3004 1072 3070 rebus
1083 2999 1285 3091 fitordem,

307 3111 461 3205 profec‘lus
478 3111 519 3210 est
535 3114 580 3180 ad
596 3113 717 3179 bellurn.

363 3225 413 3289 At
436 3223 511 3290 Cato
523 3243 670 3313 magnam
678 3219 850 3310 potentiam
864 3217 987 3311 collegit
996 3215 1175 3306 fhtundia,
1189 3225 1269 3289 mul·
1353 3208 1355 3213 ¹
1462 3285 1466 3292 .

246 3314 249 3320 ⁴
310 3335 398 3424 'tique
414 3356 479 3399 turn
492 3330 724 3431 Demosthenem
737 3352 874 3423 togatum
889 3330 1099 3421 appellabant.
1113 3329 1188 3399 Vita
1200 3328 1269 3415 ejus

310 3466 419 3510 tamen
443 3440 687 3523 nobilitabatur,
712 3442 970 3530 celebrabaturque
1000 3441 1113 3530 magis.
1143 3437 1269 3531 Quippe

310 3552 437 3620 dicendi
451 3547 596 3637 fheultas
623 3550 797 3616 eommunis
815 3546 891 3634 jam
907 3546 1049 3648 palaestra
1065 3600 1067 3604 Α
1069 3545 1241 3633 juvenibus
1252 3601 1267 3631 ,

309 3683 372 3751 quo
393 3661 587 3728 enitebantur
600 3681 725 3737 omnes,
741 3653 902 3752 propofita
918 3677 990 3723 erat.
1014 3654 1084 3747 Qui
1095 3683 1165 3729 uero
1181 3658 1269 3724 labo-

309 3793 354 3838 res
375 3768 481 3861 prisco
507 3795 589 3838 more
608 3766 752 3865 subiret,
769 3768 927 3861 frugalem
954 3776 1095 3853 coenar‘n,
1117 3763 1268 3836 incoc‘lum

290 3874 493 3971 prandium,
503 3876 830 3977 uestisfimplieitatem
840 3929 851 3958 ,
863 3872 1037 3968 &plebeios
1042 3893 1169 3965 penates
1180 3896 1268 3939 arna·

305 4006 370 4077 ret,
387 3989 500 4082 quique
512 3988 615 4082 tnagis
630 3989 749 4064 duceret
763 3986 955 4088 gloriofitm,
972 4008 1039 4055 non
1051 3981 1185 4074 indigere
1199 4006 1267 4052 ma·
