3509 5084
367 394 369 400 Ι
434 355 444 390 Ι

431 513 642 640 not-‚tm
657 566 792 641 narr.
810 531 914 642 ran.
930 572 1181 651 marmur.
1229 597 1315 653 exv

360 747 497 822 gravem
511 720 668 817 jasiumm
690 723 797 819 passus
817 724 883 815 est,
896 725 994 800 etiam
1016 728 1316 827 scriptorum-suo·

360 862 435 910 rum
448 886 459 927 ,
473 851 571 933 atque
592 834 627 905 in
647 833 697 904 ltis
717 846 927 924 εἰσαγωγικοῡ,
938 848 1048 931 φιεπι
1065 841 1130 914 Cn.
1148 843 1315 941 Pompejo

360 947 546 1042 scripserat,
568 966 605 1018 ut
622 965 785 1018 memorat
809 947 940 1020 Gellius
960 949 1056 1041 XIV,
1080 979 1113 1047 7.
1133 955 1315 1053 Reliquum

307 1052 312 1061 ’
360 1056 441 1129 vitae
456 1075 606 1150 tempus,
628 1052 717 1124 nulla
736 1053 966 1149 interpellante
984 1058 1040 1148 vi,
1056 1079 1167 1135 totum
1188 1067 1316 1166 peregit

359 1165 396 1237 in
418 1164 538 1250 literis,
563 1159 771 1257 plurimaque
790 1163 1002 1270 composuit,
1018 1165 1070 1238 ita·
1082 1189 1120 1241 ut
1140 1171 1207 1267 ipse
1222 1174 1314 1248 duo·

358 1273 524 1347 decimam
541 1294 706 1344 annorum
724 1271 987 1361 hebdomadam,
1008 1275 1077 1350 hoc
1096 1277 1165 1369 esi,
1184 1281 1318 1380 septua.

359 1381 521 1479 gesrmum
533 1379 569 1451 δι
584 1377 740 1450 ollarum
754 1377 857 1450 aetatis
870 1404 995 1452 annum
1010 1382 1169 1480 ingressus
1184 1416 1316 1467 memo·

274 1530 277 1535 ·
360 1512 434 1579 ret,
456 1487 486 1561 se
501 1486 702 1583 septuaginta
722 1487 948 1560 hebdomadas
969 1489 1131 1564 librorum
1149 1509 1164 1560 3
1180 1497 1249 1571 hoc
1266 1503 1314 1579 est
1451 1529 1454 1537 ’

360 1598 468 1672 libros
487 1623 557 1695 490
578 1595 865 1694 conscripsissetE
888 1614 1012 1670 tanto4
1028 1627 1170 1676 numero
1193 1610 1322 1683 admo··

361 1710 441 1782 dutn
455 1708 576 1804 pauci,
592 1705 702 1802 tieque
715 1705 764 1777 illi
781 1705 902 1802 integri
912 1726 1092 1808 ,tanquam
1113 1713 1235 1787 rabula
1249 1717 1316 1793 sra-

362 1821 422 1893 &ae
442 1843 461 1891 e
485 1818 660 1915 naufragio
684 1834 825 1913 ereptae,
851 1817 893 1888 ad
912 1820 1058 1892 nosltam
1086 1845 1317 1918 pervenerunt
1413 1830 1415 1836 ’

362 1947 490 2001 aetatem
502 1953 511 1999 ε
523 1925 620 2023 cujus
631 1925 764 2018 jadurae
777 1921 907 1997 causam
923 1926 1156 2024 cognoscimus
1169 1931 1221 2028 (at
1233 1931 1316 2009 fides

362 2038 402 2110 stt
425 2060 525 2131 penes
550 2036 745 2129 auctorem)
771 2026 813 2106 dx
837 2033 1055 2124 Naudaeanis,
1081 2038 1138 2110 ubi
1165 2066 1240 2139 pag.
1269 2070 1315 2141 37
1373 2030 1375 2034 ¹

364 2143 517 2237 (Amslel.
536 2166 601 2240 170
606 2169 621 2238 ³
635 2197 644 2230 ‚
663 2141 744 2241 12.)
759 2143 798 2214 de
812 2139 888 2214 satis
901 2141 1066 2216 librorum
1082 2149 1316 2222 Varroniano·

362 2279 438 2347 rum
452 2253 519 2326 hoc
537 2254 676 2324 relatum
697 2249 854 2348 legimust
873 2255 1055 2324 Macbiavcl
1070 2252 1102 2327 ὃ
1117 2259 1241 2326 Cardarr
1259 2255 1336 2329 ortt¹

364 2368 431 2452 dir,
445 2382 505 2458 quc·
522 2365 663 2458 Gregoire
678 2366 746 2432 Vll
764 2364 851 2432 avoir
861 2359 933 2451 fait
950 2361 1050 2432 brtilcr
1067 2368 1101 2433 la
1113 2365 1247 2458 plripcrt
1261 2371 1315 2440 des

362 2476 440 2544 bons
457 2475 549 2543 liures
566 2477 619 2541 des
640 2475 790 2540 Anticus.
810 2473 848 2542 Cr
855 2468 915 2560 fut
930 2474 994 2558 lui,
1010 2475 1063 2563 qui
1066 2473 1109 2562 fit
1126 2473 1225 2545 brrilcr
1242 2497 1316 2548 tou.

361 2603 405 2652 tes
427 2585 470 2651 les
488 2583 615 2649 OEttvres
633 2583 670 2649 de
689 2583 810 2650 Varrorr
820 2632 832 2665 ‚
846 2580 902 2672 qui
906 2576 977 2668 fuit
990 2580 1204 2653 Romanorum
1222 2607 1315 2679 toga·

361 2715 461 2762 torum
480 2689 562 2760 dodi
584 2715 682 2775 rmus,
699 2716 739 2760 ne
761 2718 801 2760 ex
823 2689 892 2777 ejus
913 2693 1000 2762 libris
1017 2698 1119 2788 plagii
1135 2720 1203 2776 rcus
1216 2695 1317 2792 poffct

362 2802 539 2901 infirnulari
558 2805 651 2872 dirus
664 2803 876 2897 Augustinus,
891 2806 1029 2894 quisuos
1040 2807 1137 2875 libros
1150 2809 1188 2873 de
1200 2809 1317 2877 cirita·

363 2932 391 2979 te
404 2914 470 2981 Dei
485 2935 566 2982 rocos
580 2939 620 2982 cx
637 2915 773 2982 Varrone
786 2911 990 3003 descripserat.
1009 2917 1123 3005 Aliqui
1136 2914 1318 3006 negantfa·

310 3079 313 3084 .
363 3023 462 3111 dsunt,
479 3025 563 3094 mais
577 3028 640 3093 cela
650 3021 724 3125 rr’ejl
731 3049 792 3115 pat
803 3019 901 3130 cise'lri
913 3025 1004 3093 croire
1011 3051 1027 3107 ;
1039 3050 1069 3093 cc
1083 3024 1170 3116 Papa
1183 3052 1220 3095 crr
1231 3027 1320 3098 croit

364 3130 506 3222 bitnfair
519 3127 552 3202 ἃ
564 3134 708 3224 entreprit
720 3128 862 3203 d'aurrcs.
880 3131 921 3200 Et
934 3127 1043 3223 plures
1057 3128 1181 3219 causac,
1195 3132 1319 3226 ptaeci·

350 3265 432 3337 pue
452 3240 699 3338 magnitudo&
717 3238 898 3312 multitudo
921 3239 1157 3330 voluminum,
1172 3241 1235 3313 effe
1250 3267 1319 3339 po·

363 3365 517 3433 tuerunt,
529 3370 588 3418 cut
599 3344 739 3417 maxima
753 3370 826 3441 pars
841 3344 1002 3441 temporis
1015 3344 1190 3442 iniquitate
1200 3349 1318 3429 interi·

363 3453 439 3526 erit.
458 3455 577 3532 Praeter
600 3455 783 3551 fragmenta
806 3452 984 3549 supersunt
996 3456 1020 3526 Ι.
1043 3459 1128 3526 dere
1148 3459 1256 3558 rustica
1273 3461 1319 3529 li·⁸

364 3563 412 3634 bri
432 3568 499 3653 111,
514 3587 602 3659 quos
622 3582 718 3634 natus
742 3559 916 3656 octoginta
935 3584 1043 3633 annos
1059 3565 1260 3660 composuit.
1278 3567 1319 3638 ln
1438 3636 1447 3647 ,

364 3670 477 3766 primo
494 3669 598 3767 ipsam
611 3669 845 3769 agriculturam
858 3667 1023 3766 explicam
1033 3669 1069 3743 in
1085 3673 1192 3746 altero
1206 3697 1318 3769 expo·

411 3882 436 3944 3.
461 3862 571 3926 Gellius
587 3862 650 3934 ΙΙΙ,
674 3883 718 3926 ro.
868 3873 937 3925 turae
953 3863 1037 3926 Rom.
1056 3863 1185 3942 inprimis
1201 3863 1320 3942 scripro.
1350 3892 1354 3900 ·

278 3975 281 3980 ·
407 3967 436 4019 4.
460 3949 502 4011 Ex
517 3945 584 4008 clar.
603 3942 822 4008 Harlestilntto-
869 3964 933 4005 tum
960 3946 1144 4018 Latinorum,
1171 3943 1243 4006 Part.
1271 3944 1320 4022 ll,

368 4027 555 4092 ductionem
575 4027 708 4092 notitiam
728 4025 822 4090 litera·
869 4046 905 4105 pt
923 4027 989 4111 167.
1005 4026 1154 4104 Noribetg.
1177 4023 1261 4108 1781.

1060 4118 1130 4197 lta
