3509 5084
731 544 932 615 VITA.
1231 568 1300 624 cx1

255 767 261 792 ξ
342 687 423 798 ptus
435 702 491 779 etl.
505 707 588 776 Eum
610 699 830 777 familiaribus
848 702 1000 778 certatim
1015 704 1228 802 cupientibus
1249 737 1302 784 re·

343 805 477 908 cipere,
500 812 582 886 vicit
601 814 759 902 Calenus,
773 818 811 888 &
828 815 863 886 in
881 817 983 903 villa,
1000 819 1040 889 ad
1061 843 1160 915 quam
1180 847 1222 896 ex
1243 823 1300 896 iti·

342 947 424 994 nere
435 922 602 995 Antonius
618 923 787 994 divertere
804 923 942 1009 solebat,
958 949 1033 997 eum
1046 929 1159 1001 habuit
1169 957 1207 1003 :a
1222 933 1299 1004 nul·

340 1028 379 1101 lo
397 1048 505 1101 tamen
521 1031 578 1102 vel
603 1028 703 1122 iplius
719 1031 902 1119 Varronis,
921 1032 978 1104 vel
991 1036 1108 1109 Caleni
1131 1039 1228 1111 servo
1246 1042 1303 1112 in·

340 1137 468 1212 dicatus
480 1139 538 1210 etl.
555 1143 677 1210 Gellius
694 1143 746 1210 lib.
758 1167 805 1238 3,
820 1169 888 1234 cap.
902 1168 956 1216 tor
971 1144 1022 1214 Ex
1040 1146 1162 1240 quibus
1185 1152 1301 1246 (libris

331 1252 418 1343 suis,
442 1257 544 1323 Varro
549 1247 680 1348 scribit)
699 1251 905 1346 aliquantum
917 1305 929 1341 ,
941 1277 1017 1324 cum
1031 1254 1237 1352 proscriptus
1250 1246 1302 1333 es·
1366 1346 1376 1363 .

340 1358 406 1449 set,
422 1359 558 1454 direptis
572 1358 788 1433 bibliothecis
803 1359 868 1433 suis
882 1384 953 1433 non
968 1362 1199 1458 comparuisse.

399 1475 532 1541 Ceterum
552 1475 630 1555 inter
645 1473 833 1565 proscriptos
846 1477 939 1544 eriam
948 1473 1020 1564 fuit
1039 1478 1178 1567 direrfias
1199 1503 1221 1548 a
1239 1505 1302 1549 no-

327 1579 397 1678 stro
420 1584 469 1650 M.
494 1568 650 1651 Terintius
669 1588 767 1653 Varro
788 1584 937 1654 Lucullus
961 1585 1073 1677 (anno
1095 1590 1194 1659 Urbis
1213 1591 1300 1676 680,

340 1692 567 1788 mundi3877‚
582 1716 654 1762 ante
672 1693 707 1764 C.
723 1697 767 1762 N.
780 1721 841 1789 71,
860 1695 987 1789 consul)
1004 1723 1089 1786 quem
1111 1701 1300 1786 Antonius,

340 1803 468 1900 bostium
476 1805 608 1895 suorum
617 1855 629 1887 ,
646 1805 739 1872 Bruti
754 1798 905 1899 Caffiiqui
919 1832 1022 1898 partes
1028 1807 1170 1898 secutum
1186 1810 1298 1878 intere·

340 1914 406 1979 mit.
433 1913 570 1998 Vellejus
586 1917 769 1983 Paterculus
792 1916 846 1983 lib.
873 1941 906 2000 2,
930 1943 994 2007 cap.
1015 1944 1052 2010 7¹
1073 1941 1090 1985 z.
1105 1915 1186 1987 Nou
1207 1914 1299 1987 aliud

339 2016 465 2090 bellum
484 2021 656 2092 cruentius
671 2020 762 2092 caede
778 2019 1031 2093 clariffimorum
1053 2022 1203 2094 virorum
1224 2022 1298 2094 fuit.

339 2127 431 2197 Tum
448 2128 592 2207 Catonis
614 2125 701 2197 filius
720 2127 852 2200 cecidit.
865 2130 987 2200 Eadem
1009 2129 1188 2202 Lucullum
1205 2133 1299 2203 Hor-

340 2234 564 2328 tensumque,
579 2234 914 2307 eminentissimorum
928 2236 1056 2310 civium
1072 2236 1174 2327 lilios,
1186 2239 1299 2312 fortu-

329 2366 383 2412 ‘na
398 2341 541 2415 abstulit.
555 2368 630 2414 nam
647 2342 759 2414 Varro
773 2343 814 2416 ad
828 2344 1009 2416 ludibrium
1026 2344 1211 2419 moriturus
1225 2351 1298 2418 An-

339 2451 447 2538 tonii,
465 2453 563 2549 digna
577 2453 638 2524 illo
660 2478 699 2526 ac
721 2479 799 2526 vera
823 2454 864 2527 de
880 2453 973 2527 exitu
996 2452 1065 2547 ejus
1083 2482 1201 2553 magna
1221 2481 1298 2528 cum

341 2559 492 2631 libertate
510 2562 679 2633 ominatus
695 2562 751 2635 est.
766 2569 908 2636 Valerius
921 2568 1092 2636 Maximus
1107 2567 1162 2635 lib.
1178 2594 1214 2655 4,
1229 2593 1299 2658 cap.

341 2668 378 2767 7.
403 2679 541 2765 exemplo
562 2678 769 2765 Romnn04:
791 2672 1031 2772 Recognosce,
1055 2673 1230 2771 quousque
1252 2674 1297 2747 T.

342 2778 517 2852 Volumnii
536 2781 741 2883 constantem
759 2806 835 2877 erga
853 2782 997 2853 amicum
1013 2780 1108 2852 suurn
1125 2783 1297 2852 caritatem

342 2888 409 2959 stne
425 2889 492 2960 ulla
512 2890 595 2981 reip.
615 2889 737 2982 injuria
760 2888 929 2962 everteris:
952 2889 1011 2983 qui
1033 2909 1129 2958 ortus
1151 2889 1298 2982 equestri

302 3014 309 3023 “
340 2999 440 3090 loco,
456 3026 532 3074 cum
549 3004 596 3072 M.
611 3001 788 3074 Lucullum
803 2998 1010 3070 familiariter
1024 2996 1188 3085 colniffet,
1205 3022 1299 3067 eum-

341 3133 405 3204 que
420 3113 469 3183 M.
493 3111 664 3182 Antonius
688 3107 923 3194 interemillct‚
948 3106 984 3179 in
1005 3132 1122 3204 magna
1147 3105 1297 3204 fugiendi

275 3298 277 3305 ¹
328 3218 493 3309 licentia,
518 3221 665 3293 exanimi
686 3220 797 3292 amico
819 3217 974 3302 adhaesrt3
1000 3218 1227 3314 hucusquein
1249 3218 1327 3289 la·.·

341 3331 459 3421 crimas
481 3333 676 3428 &gemitus
696 3329 872 3424 profusus,
891 3348 930 3399 ut
952 3326 1053 3398 nimia
1071 3328 1191 3422 pietate
1217 3352 1298 3400 cau·

340 3443 405 3518 sam
421 3439 480 3510 fibi
493 3442 611 3513 mortis
626 3439 809 3510 arcelleret.

387 3558 487 3627 Alius
500 3555 540 3622 ab
552 3555 602 3622 leis
617 3553 736 3620 duobus
750 3553 800 3619 M.
813 3549 970 3618 Terentius
989 3550 1099 3634 Varro,
1112 3574 1132 3616 a
1146 3545 1293 3616 triumvi-

340 3671 384 3739 ris
396 3667 523 3736 minime
532 3661 741 3754 prqfcriprus‚
757 3685 791 3728 eo
805 3680 933 3747 tempore
947 3659 1088 3725 tribunus
1098 3658 1218 3747 plebis,
1234 3678 1296 3719 rne-
1409 3704 1413 3708 ,

341 3799 447 3857 tuens,
473 3790 528 3855 n'e,
549 3774 633 3864 quod
651 3769 763 3837 Helvio
779 3770 904 3845 Cinnae.
924 3769 1049 3835 tribuno
1063 3769 1182 3857 plebis.
1205 3786 1293 3827 anuo

345 3887 442 3952 Urbis
463 3909 530 3978 7⁰9
559 3884 727 3958 acciderat.
746 3906 801 3970 prr
820 3884 961 3947 nominis
976 3895 1104 3947 'errorem
1121 3872 1295 3938 trucidaru-

342 4011 392 4060 rur
397 4042 409 4080 ‚
422 3995 503 4060 edito
510 3990 630 4084 scripto
633 3986 843 4085 fignr'ficarit,
849 3988 888 4079 se
902 4012 966 4055 non
979 3980 1032 4079 effe
1047 3985 1213 4051 Varronem
1221 4001 1294 4070 pro·
