3509 5084
319 542 382 651 ,“
501 575 574 653 226
651 568 1315 648 uruuertrttvttuouts

499 734 545 810 ad
564 732 679 804 lumen
709 727 900 817 sustuleris,
925 729 1023 828 quod
1048 729 1241 829 perluceat,
1268 727 1304 802 id
1333 725 1409 803 effe
1437 731 1480 802 ob

500 847 613 923 inane.
633 839 707 934 Qui
727 837 801 912 haec
818 837 945 910 volunt
963 836 1090 912 diutius
1108 837 1263 929 servare,
1285 837 1481 935 perfricant

499 955 568 1032 tate
594 951 758 1037 minuto,
781 965 843 1021 aut
859 945 988 1034 muria,
1002 971 1070 1021 tres
1087 969 1145 1023 aut
1171 966 1326 1046 quatuor
1349 949 1480 1033 norm

499 1050 610 1168 eaque
628 1061 741 1137 abluta
759 1059 917 1136 condunt
929 1058 966 1131 in
987 1056 1152 1150 sursures,
1166 1077 1223 1132 aut
1237 1082 1335 1132 acus.
1354 1064 1396 1130 ln
1409 1059 1480 1156 sup

500 1174 669 1280 ponendo
687 1195 758 1246 ova
780 1169 988 1259 observant,
1008 1188 1046 1242 ut
1063 1169 1127 1242 sant
1149 1162 1294 1242 numero
1323 1167 1479 1265 imparia.

500 1293 608 1377 Ova,
622 1309 701 1386 que.
715 1280 942 1364 incitamur,
957 1278 1145 1352 habeantne
1159 1277 1270 1350 semen
1288 1277 1406 1373 pulli,
1422 1305 1479 1352 cu·

500 1415 599 1475 rator
616 1387 825 1491 quatriduo,
847 1386 1026 1484 postquam
1042 1385 1196 1461 incubari
1219 1384 1361 1482 coepit,
1380 1386 1477 1460 intel·

501 1509 607 1605 ligere
631 1496 767 1598 potest,
794 1494 818 1569 fi
843 1516 966 1570 contra
990 1495 1104 1568 lumen
1125 1494 1261 1582 tenuit,
1287 1498 1329 1570 δι
1356 1523 1476 1594 putum

500 1609 696 1693 uniusmodi
711 1607 775 1681 else
786 1605 1048 1694 animadvertit,
1064 1622 1184 1702 putant
1200 1601 1476 1696 ejiciendum&

500 1722 595 1799 aliud
615 1713 873 1811 subjiciendum.
895 1712 1048 1786 Excusos
1075 1712 1188 1810 pullos
1216 1713 1474 1788 subducendum

500 1860 547 1910 ex
562 1826 703 1929 singulis
722 1824 830 1913 nidis,
851 1826 890 1897 &
910 1821 1155 1918 subjiciendum
1179 1822 1236 1912 ei,
1257 1838 1340 1919 quae
1359 1827 1474 1902 habeat

500 1963 642 2045 paucos.
666 1934 709 2008 ab
725 1959 851 2030 eaque,
865 1934 890 2005 fi
905 1932 1032 2028 reliqua
1046 1932 1109 2007 lint
1122 1957 1192 2006 ova
1206 1935 1395 2030 pauciora,
1410 1938 1472 2010 tol·

502 2051 624 2139 lenda,
637 2047 675 2120 δι
695 2041 903 2138 subjicienda
923 2041 1018 2131 aliis,
1040 2069 1116 2141 quae
1141 2045 1300 2116 nondum
1326 2047 1471 2119 excude-

501 2178 604 2249 runt,
620 2157 658 2230 δι
674 2146 921 2226 minuslrabent
942 2173 1027 2227 xxx
1046 2153 1172 2252 pullos.
1190 2154 1260 2227 hoc
1284 2157 1381 2229 enim
1403 2182 1470 2255 gre·

501 2299 579 2376 gem
599 2266 762 2361 majorem
785 2289 858 2336 non
875 2265 1077 2341 faciendum.
1098 2263 1349 2359 Objiciendum
1379 2268 1471 2364 pullis

500 2384 621 2460 diebus
643 2399 699 2452 xv
720 2375 838 2474 primis
860 2399 958 2447 mane
976 2373 1124 2469 subjecto
1145 2374 1291 2470 pulvere
1320 2375 1399 2477 (ne
1422 2405 1471 2452 to·
1512 2436 1513 2459 r

500 2496 576 2572 stris
598 2506 720 2564 noceat
733 2506 821 2561 terra
835 2486 945 2576 dura)
963 2485 1136 2580 polentam
1158 2484 1301 2557 mixtam
1317 2512 1403 2560 cum
1419 2515 1471 2562 nar
1512 2482 1513 2525 ³

501 2602 610 2680 slurtii
629 2598 775 2686 semine,
790 2599 828 2670 dt
843 2621 931 2691 aqua
946 2595 1122 2691 aliquanto
1142 2593 1322 2672 antefacta
1338 2597 1471 2688 intrita,

502 2736 548 2785 ne
567 2728 639 2780 tum
665 2702 811 2799 denique
826 2703 861 2776 in
882 2727 1003 2775 eorum
1022 2729 1171 2799 corpore
1188 2705 1373 2803 turgescat.
1394 2735 1471 2807 aqua

501 2813 766 2919 prohibendum.
790 2812 943 2906 Quando
971 2813 1012 2885 de
1037 2811 1196 2887 clunibus
1217 2807 1399 2912 coeperint
1413 2821 1471 2894 .ha·

499 2933 582 3011 bere
598 2927 740 3026 pinnas,
755 2949 777 2999 e
791 2923 901 3021 capite
926 2928 995 3000 &e
1012 2923 1107 2999 collo
1120 2951 1241 3000 eorum
1257 2930 1391 3005 crebro
1416 2935 1470 3008 eli·

502 3039 604 3140 gendi
625 3037 735 3133 pedes.
754 3033 839 3131 saepe
862 3034 955 3106 enirn
977 3054 1117 3131 propter
1133 3058 1195 3110 eos
1216 3039 1472 3117 consenescunt.

449 3204 451 3211 r
501 3152 642 3226 Circum
667 3168 789 3239 caveas
815 3170 936 3218 eorum
953 3145 1202 3220 incendendum
1227 3172 1386 3227 cornum
1406 3180 1470 3229 cer·

500 3263 646 3350 vinum,
661 3284 703 3331 ne
715 3283 792 3355 quae
804 3258 939 3353 serpens
952 3262 1091 3334 accedat
1104 3287 1115 3334 ε
1130 3261 1272 3359 quatum
1294 3264 1470 3342 bestiarum

502 3399 546 3448 ex
565 3373 674 3445 odore
696 3369 805 3443 solent
819 3369 966 3445 interire.
986 3371 1193 3470 Prodigendi
1206 3373 1241 3444 in
1255 3373 1372 3450 solem
1393 3385 1428 3453 dr
1441 3381 1470 3451 iu

499 3483 773 3581 sterquilinium,
798 3503 834 3554 ut
855 3481 940 3584 [se]
966 3483 1122 3558 volutare
1146 3483 1293 3579 poffim,
1307 3492 1412 3586 quod
1432 3492 1470 3561 ita

501 3594 687 3670 alibiliores
710 3587 809 3662 fiunt.
832 3600 944 3688 neque
964 3593 1077 3688 pullos
1102 3610 1260 3680 tantum,
1285 3594 1346 3668 sed
1376 3621 1469 3675 omne

501 3711 736 3800 ὃρνιᾶοβοσκεῖον,
756 3723 833 3785 curn
860 3701 989 3790 uellate,
1005 3723 1075 3775 tum
1102 3703 1218 3800 utique
1236 3727 1320 3776 cunr
1347 3729 1469 3804 tempe·

422 3886 426 3895 ,
502 3811 567 3881 slas
588 3807 628 3880 fit
650 3809 783 3893 mollis,
798 3829 898 3905 atque
919 3813 1090 3905 apricum3
1104 3813 1239 3901 intento
1261 3814 1366 3908 supra
1383 3839 1468 3904 rete,

503 3923 599 4019 quod
621 3921 796 4016 prohibeat
817 3947 871 3993 eas
889 3944 980 3994 extra
1001 3923 1101 4018 saepta
1120 3922 1278 4013 evolare,
1303 3929 1346 4001 δι
1370 3929 1467 4002 ineas

500 4027 660 4104 involare
682 4028 887 4107 extrinsecus
912 4031 1135 4130 accipitrem,
1160 4033 1334 4132 autquid
1357 4038 1464 4120 aliud3
