3509 5084
391 554 462 609 220
535 533 584 607 M.
609 531 884 606 TERENTII
910 532 1211 607 VARRONIS

390 695 503 770 vario.
525 696 577 766 Ex
592 693 644 766 his
658 695 786 767 duabus
799 693 953 789 stirpibus
966 691 1008 765 fit
1019 693 1205 766 miscellum
1220 693 1368 770 tertium

389 831 494 906 genus
508 805 634 880 frudus
645 805 740 879 causa
750 861 760 894 ,
770 827 869 903 atque
884 806 1046 878 incedunt
1058 804 1091 876 in
1105 807 1222 878 locum
1237 824 1370 898 unum,

386 918 483 1012 quod
505 916 562 987 alii
582 933 713 988 vocant
735 926 964 1009 περιστερεῶνα,
988 913 1045 984 alii
1066 928 1365 1009 nrrprmpo'rpoqeiot.

388 1022 520 1120 inquo
534 1049 606 1095 uno
629 1024 715 1120 saepe
738 1024 794 1095 vel
810 1022 961 1118 quinque
976 1022 1090 1093 millia
1113 1021 1188 1092 sunt
1210 1020 1370 1096 inclusae.

388 1132 643 1230 nrpmeprmfit,
652 1154 690 1206 ut
702 1132 988 1226 testudottragna,
1000 1154 1130 1204 camera
1144 1130 1277 1216 tesius,
1290 1154 1369 1204 uno

348 1232 352 1239 '
387 1240 477 1319 ostio
497 1243 660 1338 angusto,
679 1238 830 1314 fenestris
852 1238 1056 1328 Punicanis‚
1077 1257 1134 1310 aut
1154 1236 1368 1325 latioribusj

380 1346 570 1424 'reticulatis
596 1344 781 1450 utrinque}
805 1369 843 1421 ut
867 1349 967 1424 locus
994 1348 1106 1423 omnis
1131 1345 1367 1435 fitillussris,

387 1481 478 1532 neve
494 1490 571 1560 quae
590 1463 743 1558 serpens,
761 1459 897 1532 aliudve
910 1459 995 1557 quid
1017 1456 1140 1532 animal
1164 1455 1365 1528 maleficum

387 1565 534 1641 introite
553 1590 663 1665 queat.
684 1568 887 1640 lntrinsecus
901 1592 1001 1662 quam
1022 1567 1192 1639 leviffimo
1207 1589 1367 1647 marmo-

387 1694 464 1746 tato
485 1678 549 1747 toti
566 1678 706 1771 parietes
721 1703 760 1747 ac
773 1700 914 1746 camerae
929 1675 1150 1758 oblinuntur,
1173 1676 1212 1746 &
1227 1674 1365 1745 extrin-

386 1784 502 1870 secus,
527 1787 655 1860 circum
682 1785 861 1869 fenestras,
883 1809 925 1856 ne
951 1810 1027 1856 mus
1055 1805 1113 1857 aut
1141 1784 1267 1856 lacerta
1293 1809 1363 1880 qua

386 1898 547 1995 adrepere
566 1901 606 1972 ad
629 1897 840 1972 columbaria
863 1897 978 1992 possit.
996 1889 1077 1967 nihil
1097 1896 1188 1967 enim
1207 1894 1362 1966 timidius

388 2007 557 2081 columba.
577 2005 880 2104 Singulispatibus
898 2004 1106 2076 columbaria
1124 2001 1212 2075 fiunt
1235 2020 1363 2073 rotun-

388 2114 430 2186 da
455 2114 490 2188 in
514 2116 667 2187 ordinem
692 2117 818 2187 crebra.
844 2114 982 2185 ordines
1006 2139 1106 2212 quam
1135 2109 1275 2208 plurimi
1297 2111 1363 2185 esse

388 2226 526 2324 possunt
540 2252 558 2296 a
572 2245 660 2299 tetta
681 2225 782 2321 usque
802 2225 842 2296 ad
855 2249 1031 2296 cameram.
1052 2223 1278 2294 Columbaria
1294 2223 1362 2295 srn·

388 2333 466 2431 gula
486 2334 550 2405 esse
569 2321 727 2430 oportet,
750 2352 789 2404 ut
811 2357 850 2403 os
872 2332 1037 2418 habeant,
1055 2357 1126 2428 quo
1151 2332 1300 2405 introire
1323 2335 1362 2407 δι

386 2442 480 2514 enire
505 2443 627 2538 pusiit3
643 2430 733 2513 intus
759 2462 935 2517 ternorum
964 2443 1159 2538 palmorum
1180 2469 1224 2515 ex
1245 2443 1362 2514 omni·

310 2543 313 2547 ’
386 2553 453 2624 bus
475 2555 637 2646 partibus.
653 2555 722 2625 Sub
745 2554 882 2625 ordines
901 2553 1050 2648 singulos
1070 2555 1194 2626 tabuiae
1218 2553 1306 2627 fidae
1323 2573 1361 2629 ut

386 2659 451 2731 sint
473 2661 634 2758 bipalmes
645 2715 656 2750 ,
669 2686 741 2759 quo
762 2682 899 2734 utantur
915 2663 1105 2751 vestibulo,
1121 2672 1162 2735 ac'
1177 2663 1361 2756 prodeant.

386 2773 520 2863 Aquam
537 2771 601 2842 effe
620 2786 782 2873 oportet,
797 2794 870 2863 quo
891 2768 1030 2857 influat,
1050 2772 1140 2844 tmde
1163 2774 1202 2845 δι
1219 2773 1362 2864 bibere,

387 2877 425 2948 δι
438 2876 495 2945 ubi
511 2875 618 2947 lavari
633 2877 768 2971 poffint.
783 2874 980 2970 permundae
994 2876 1084 2947 enim
1098 2878 1175 2949 sunt
1187 2880 1241 2949 hae
1254 2881 1361 2952 volu·

386 3008 470 3057 cres.
488 2989 602 3082 ltaque
617 2987 783 3082 pastorem
798 2986 1048 3059 columbarium
1062 3009 1239 3086 quotquot
1259 3017 1361 3064 men·

386 3091 476 3163 sibus
491 3094 613 3165 crebro
628 3106 767 3188 oportet
786 3118 954 3169 everrere.
976 3096 1023 3166 est
1038 3096 1147 3184 enim,
1167 3099 1266 3194 quod
1283 3126 1361 3174 eum

386 3199 542 3296 inquinat
554 3201 669 3273 locum
682 3255 693 3287 ,
707 3202 898 3297 appositum
917 3202 957 3272 ad
977 3203 1216 3298 agriculturam
1229 3257 1239 3288 ,
1262 3205 1311 3279 ita
1325 3226 1362 3281 ut

387 3308 457 3381 hoc
474 3310 641 3405 optimum
661 3311 726 3382 esse
741 3309 932 3406 scripserint
951 3312 1091 3408 aliquot.
1113 3312 1184 3384 five
1199 3339 1280 3410 quae
1297 3341 1361 3390 co·

387 3418 502 3491 lumba
515 3420 596 3515 quid
611 3408 792 3492 offenderit
805 3468 815 3501 .
835 3439 871 3492 ut
889 3422 1068 3492 medeatur.
1083 3421 1107 3492 fi
1121 3446 1187 3517 qua
1202 3425 1364 3517 perierit,
1403 3486 1407 3498 .

323 3542 326 3553 '
386 3550 427 3602 ut
441 3528 607 3602 efferatur.
631 3531 654 3601 sr
667 3531 725 3627 qui
741 3530 824 3625 pulli
838 3531 1044 3602 idoneisunt
1059 3531 1100 3601 ad
1117 3534 1338 3606 vendendum
1349 3566 1374 3625 ,·

387 3657 534 3736 promat.
557 3645 638 3710 Item
654 3665 729 3736 quae
749 3628 844 3712 foeta
865 3640 959 3727 sunt,
979 3639 1159 3711 incertum
1179 3641 1303 3715 locum
1325 3663 1361 3717 ut

389 3734 566 3821 disclusum
585 3752 627 3821 ab
641 3751 714 3820 aliis
734 3769 803 3822 rete
825 3750 986 3839 habeant,
999 3775 1070 3847 quo
1091 3748 1363 3843 transferantur,

389 3882 493 3954 equo
515 3858 604 3931 foras
618 3885 765 3932 evocare
788 3860 913 3955 poffint
936 3878 1068 3931 matres.
1090 3861 1210 3951 Quod·
1225 3858 1362 3936 faciunt

391 3965 521 4045 duabus
535 3969 576 4044 de
589 3968 707 4055 causis.-
717 3994 801 4064 una,
814 3967 840 4041 st
853 3967 1037 4066 fastidium,
1051 3993 1107 4045 aut
1118 3970 1260 4047 incluse
1277 3998 1363 4050 con·
