3509 5084
1345 401 1348 411 ι

1239 430 1248 467 ⁸
1358 474 1362 483 r

1358 491 1360 498 '
1379 498 1383 507 ι

543 571 620 644 DE
642 567 713 657 RE
738 566 1004 657 Rusrtcn
1024 570 1125 647 ΗΒ.
1152 569 1210 643 lll.
1296 593 1367 667 ²07

392 724 557 822 Denique
577 723 660 821 quid
680 742 739 798 tua
752 724 859 797 habet
884 723 989 798 fimile
1011 724 1106 798 villae
1127 726 1240 818 illius,
1265 753 1369 825 quam

389 855 470 908 tuus
491 836 638 908 avus&
656 857 809 930 proavus
828 834 998 907 habebat?
1012 861 1075 910 nec
1095 837 1209 917 enim,
1223 857 1262 909 ut
1284 836 1372 926 illa,

390 930 562 1019 faenisicia
583 944 681 1017 videt
701 943 795 1016 arida
816 944 852 1016 in
869 945 1049 1035 tabulato,
1075 972 1137 1020 nec
1158 945 1370 1021 vindemiam

389 1054 428 1129 in
451 1056 559 1146 cella,
574 1081 685 1153 neque
703 1055 738 1127 in
747 1056 913 1154 *granario
929 1055 1066 1132 meffim.
1088 1058 1179 1130 Nam
1195 1059 1291 1156 quod
1304 1084 1369 1131 ex·
1445 1126 1447 1131 ,

389 1186 443 1243 tra
457 1171 577 1244 urbem
590 1166 646 1242 ¹est
667 1166 852 1243 aedificium
865 1224 876 1261 ‚
891 1170 1002 1245 nihilo
1022 1174 1126 1270 magis
1137 1173 1218 1245 ideo
1237 1172 1285 1245 est
1301 1173 1370 1249 vil·
1390 1257 1392 1261 v

353 1273 446 1370 ⁴la,
459 1305 561 1378 quam
581 1303 702 1352 eorum
724 1277 891 1370 aedificia,
915 1281 975 1378 qui
991 1281 1145 1356 habitant
1167 1301 1263 1356 extra
1283 1304 1371 1380 por·
1457 1342 1462 1353 .

390 1407 461 1462 tam
479 1389 742 1479 flumentanam,
758 1407 815 1463 aut
833 1388 869 1463 in
882 1391 1084 1480 uAEmilianis.
1097 1394 1237 1467 Arnus
1261 1391 1368 1469 subri·
1431 1391 1437 1403 “

360 1518 362 1523 “
392 1503 497 1593 dens,
514 1501 694 1596 Quoniam
708 1526 775 1600 ego
796 1494 1091 1602 ignor0,i'nquit,
1104 1505 1189 1604 quid
1202 1505 1243 1577 fit
1263 1494 1367 1594 villa,

392 1612 500 1685 velim
512 1638 566 1684 me
579 1610 722 1696 doceas,
742 1636 785 1683 ne
799 1612 890 1684 labar
903 1611 1151 1709 imprudentia,
1167 1614 1264 1711 quod
1279 1614 1369 1687 volo

389 1746 501 1794 emere
521 1724 602 1793 aM.
615 1712 918 1814 Sejo‘in'Ostiensr
936 1720 1065 1794 villam.
1078 1722 1187 1814 Quod
1201 1721 1224 1794 sr
1238 1747 1277 1795 ea
1290 1721 1371 1795 aedi·
1471 1735 1473 1741 ’
1497 1753 1500 1763 ·

391 1830 469 1904 ficia
490 1830 585 1903 villae
602 1853 676 1902 non
692 1820 786 1916 sunt,
800 1856 876 1928 quae
888 1825 1015 1904 asinum
1031 1851 1129 1904 tuum
1142 1887 1153 1922 ,
1166 1858 1268 1930 quem
1281 1833 1370 1923 mihi

390 1930 614 2040 quadraginta
636 1940 788 2014 millibus
815 1958 944 2014 emtum
971 1941 1169 2020 ostendebas
1195 1945 1284 2038 apud
1311 1963 1368 2034 te,

391 2075 467 2122 non
485 2051 631 2139 habent,
650 2067 791 2141 metuo,
815 2075 857 2123 ne
884 2075 949 2148 pro
968 2050 1052 2126 villa
1069 2076 1179 2124 emam
1200 2052 1306 2124 Ostiae
1330 2053 1367 2127 in

391 2161 495 2233 litore
514 2160 651 2254 Seianas
665 2161 764 2236 aedes.
775 2161 1076 2255 Quodaedificium
1098 2164 1154 2237 hic
1169 2190 1222 2236 me
1238 2167 1276 2239 L.
1289 2158 1369 2240 Me·

392 2268 466 2342 rula
480 2268 638 2366 impulit,
652 2289 690 2341 ut
702 2295 859 2366 cuperem
875 2271 1017 2358 habere,
1033 2268 1110 2343 edm
1128 2272 1277 2359 diceret,
1292 2272 1370 2346 nul·

392 2379 461 2452 lam
477 2379 509 2453 se
528 2379 690 2478 accepiffe
707 2380 826 2453 'villam
839 2434 850 2471 ‚
864 2405 932 2478 qua
945 2381 1050 2478 magis
1071 2379 1252 2456 delectatus
1269 2382 1372 2466 eliet,

391 2514 475 2567 cum
501 2494 593 2587 apud
612 2517 691 2565 eum
714 2491 788 2565 dies
806 2493 939 2589 aliquot
956 2490 1076 2564 fuiffet.
1099 2514 1163 2564 nec
1184 2512 1296 2564 tamen
1319 2491 1369 2573 ibi
1459 2481 1462 2487 ¹

393 2599 428 2672 se
444 2599 564 2674 vidiffe
586 2601 733 2675 tabulam
748 2601 869 2698 pillam
888 2655 900 2694 ,
920 2626 1029 2699 neque
1052 2600 1181 2699 signum
1203 2603 1370 2675 aheneum

393 2729 453 2785 aut
471 2736 700 2812 marmoreum
718 2711 824 2807 ullum
837 2739 855 2786 :v
875 2710 986 2786 nihilo
1008 2713 1115 2810 magis
1136 2710 1268 2786 torcula
1291 2711 1370 2793 vasa

393 2821 687 2908 vindemiatoria,
713 2829 770 2897 aut
797 2824 898 2897 serias
928 2825 1097 2923 olearias,
1127 2848 1184 2896 aut
1212 2842 1370 2918 trapetas.

391 2934 518 3004 AXIUS
532 2925 838 3031 aspicitMerulam,
855 2933 914 3017 δι,
928 2929 1023 3024 Quid
1037 2928 1163 3025 igitur,
1180 2930 1310 3027 inquit,
1321 2932 1371 3004 est
1389 2960 1392 2984 ¹

394 3039 458 3114 ista
484 3037 631 3128 villa,s1
656 3061 719 3109 nec
742 3035 871 3107 urbana
895 3035 996 3107 habet
1015 3053 1237 3128 ornamenta,
1257 3063 1370 3136 neque
1443 3104 1445 3108 ,

391 3145 516 3224 rustica
530 3146 708 3219 membra?
730 3145 786 3219 cui
803 3150 877 3236 illc,
893 3146 976 3218 Non
1002 3145 1113 3218 minus
1129 3145 1210 3219 villa
1225 3166 1281 3220 tua
1305 3149 1370 3222 erit

393 3260 439 3335 ad
462 3259 625 3356 angulum
641 3257 777 3348 Velini,
794 3282 896 3356 quam
911 3281 1021 3352 neque
1040 3256 1175 3351 pidor,
1192 3282 1303 3355 neque
1317 3277 1370 3331 te·

389 3374 473 3463 ={lor
488 3373 578 3445 vidit
599 3396 775 3468 unquam,
792 3396 894 3468 quam
908 3370 943 3441 in
958 3367 1088 3457 Rosea,
1106 3393 1182 3464 quae
1196 3369 1242 3440 est
1260 3370 1370 3464 polita
1433 3434 1437 3440 .
1454 3410 1477 3470 g

395 3510 504 3581 opere
531 3484 682 3556 tellorio
709 3483 907 3578 eleganter,
935 3497 1035 3573 quam
1068 3477 1230 3551 dominus
1264 3479 1370 3552 habes
1398 3492 1400 3496 “
1428 3488 1432 3495 ’

395 3621 616 3670 communem
631 3621 709 3669 cum
730 3594 836 3665 asmo,
857 3594 948 3664 Cum
967 3586 1176 3687 significasset
1194 3611 1299 3681 nutu,
1313 3593 1369 3664 ni-

396 3705 509 3790 nihilo
534 3704 645 3776 minus
670 3703 734 3776 elle
758 3700 875 3775 villam
903 3726 997 3789 earn,
1022 3724 1097 3796 quae
1125 3700 1205 3772 ellet
1226 3702 1369 3798 simplex

396 3815 519 3888 rustica
534 3869 544 3903 ,
559 3840 660 3913 quarn
678 3838 773 3900 eam,
788 3813 823 3882 in
841 3837 907 3909 qua
920 3812 999 3883 eslet
1012 3833 1208 3909 utrumque,
1222 3811 1286 3910 [&
1306 3840 1369 3905 ea,

398 3926 438 3996 δι
467 3924 620 4024 urbana]
646 3928 683 3997 δι
712 3923 876 4019 rogallet,
902 3923 985 4020 quid
1015 3949 1057 3994 ex
1084 3924 1136 3995 his
1162 3926 1261 3998 rebus
1292 3925 1369 3997 col·

392 4034 545 4164 ligeret':
570 4037 693 4133 Quid?
720 4042 851 4132 inquit,
877 4037 902 4111 sr
927 4057 1068 4135 propter
1096 4035 1266 4134 pastiones
1290 4055 1370 4114 tuus
