3509 5084
487 519 558 587 ²¹4
630 499 680 570 M.
705 493 981 568 TERENTIl
1006 493 1339 567 VARRONIS.
1414 568 1419 576 ,

486 654 603 743 cibus,
620 654 679 727 ubi
696 679 782 750 aqua
797 653 846 728 fit.
862 652 1027 726 Tedorio
1050 651 1136 723 ralla
1157 648 1220 722 elle
1234 646 1308 721 levi
1324 644 1461 721 circum

486 762 592 849 ostia,
613 789 652 835 ac
678 744 858 852 feneldas,
881 788 924 835 ne
947 787 1032 855 aqua
1055 762 1200 846 intrare,
1225 781 1321 839 mus,
1346 756 1468 830 aliave

485 897 561 964 quae
577 871 677 944 bestia
695 873 805 969 poffit.
820 872 963 946 Circum
978 868 1076 964 huius
1092 863 1226 941 aedilicii
1243 865 1394 961 parietes
1409 865 1462 936 in·

485 979 649 1055 trinsecus
670 983 796 1056 multos
817 980 884 1055 effe
902 981 1020 1077 palos,
1034 978 1092 1050 ubi
1112 1001 1194 1051 aves
1214 975 1356 1048 allidere
1378 972 1461 1071 pos·

484 1089 569 1176 stnr;
586 1116 747 1189 praeterea
765 1119 783 1165 e
800 1092 936 1190 perticis
953 1089 1122 1166 inclinatis
1140 1115 1182 1162 ex
1201 1089 1309 1161 humo
1331 1086 1378 1159 ad
1399 1110 1461 1182 pa·

365 1263 375 1273 .
485 1201 604 1274 rierem
616 1257 627 1291 ‚
640 1206 678 1278 ὅ(
691 1205 726 1276 in
741 1204 790 1278 eis
802 1196 996 1277 lransverlrs
1013 1200 1173 1298 gradatim
1187 1196 1335 1271 modicis
1350 1195 1463 1269 inter·

486 1310 587 1384 vallis
608 1313 742 1409 perticis
764 1304 924 1401 annexisq
943 1310 1031 1409 [ad]
1052 1311 1195 1412 speciem
1222 1307 1460 1382 cancellorum

487 1418 698 1496 scenicorum
735 1449 774 1495 ac
805 1422 936 1496 theatri.
954 1419 1126 1517 ‘deorsum
1161 1417 1197 1489 in
1231 1434 1362 1488 terram
1395 1413 1460 1488 elle

486 1557 607 1628 aquam
619 1588 631 1624 ‚
645 1562 746 1634 quam
768 1536 884 1608 bibere
903 1533 1047 1630 poffint;
1069 1529 1197 1606 cibatui
1217 1529 1301 1601 offas
1323 1525 1460 1626 pofitas.

486 1666 536 1728 eae
557 1646 705 1718 maxime
731 1646 962 1743 glomerantur
978 1669 1023 1715 ex
1048 1641 1138 1726 licis,
1158 1644 1198 1717 δι
1223 1639 1310 1713 fatte
1337 1637 1460 1717 mixto.

486 1751 619 1826 Diebus
638 1754 760 1853 viginti
776 1774 957 1853 antequam
977 1753 1055 1849 quis
1076 1751 1197 1826 tollere
1219 1748 1294 1824 vult
1314 1747 1460 1836 turdos,

485 1862 609 1961 largius
623 1866 678 1938 dat
699 1865 812 1939 cibum
824 1919 837 1955 ,
849 1864 943 1961 quod
956 1863 1032 1959 plus
1054 1860 1176 1957 ponit,
1194 1859 1233 1934 &
1249 1855 1341 1931 fatre
1354 1853 1460 1929 subti-

392 1964 407 1977 ‘
486 1970 575 2045 liore
596 1973 718 2071 incipit
738 1975 837 2047 alere.
862 1978 900 2046 ln
916 1974 985 2046 hoc
1000 1971 1090 2044 tello
1110 1991 1286 2067 caueaque
1309 1964 1460 2039 tabulata

487 2077 633 2154 habeant
652 2082 785 2182 aliquot
802 2083 844 2154 ad
860 2082 998 2176 pertica
1017 2078 1298 2176 supplementum.
1323 2077 1460 2149 Contra

431 2276 434 2281 Ι
486 2188 557 2263 hoc
578 2193 745 2266 aviarium
760 2192 811 2266 'est
831 2192 924 2266 aliud
946 2190 1078 2280 minus,
1097 2189 1134 2261 in
1154 2213 1246 2286 quo,
1260 2213 1342 2284 quae
1363 2209 1461 2259 mor·

446 2342 449 2346 ·
486 2315 556 2370 tuae
570 2300 617 2373 ibi
629 2301 703 2375 sunt
715 2327 818 2391 aves,
832 2320 869 2375 ut
880 2301 1026 2376 domino
1040 2324 1217 2390 numerum
1238 2299 1382 2387 reddat,
1398 2321 1459 2371 cu·

458 2489 461 2493 ¹
484 2427 582 2481 rator
603 2410 733 2485 servare.
747 2412 843 2485 solet.
861 2414 951 2486 Cutn
969 2435 1056 2507 opus
1070 2411 1166 2501 sunt,
1181 2433 1223 2480 ex
1237 2408 1308 2482 hoc
1322 2406 1459 2480 aviario

485 2535 525 2587 ut
550 2516 721 2594 sumantur
744 2520 898 2609 idoneae,
920 2522 1147 2598 excluduntur
1168 2519 1205 2591 in
1227 2516 1459 2593 minusculum

485 2626 671 2720 aviarium,
684 2632 779 2727 quod
792 2631 1079 2727 ellfconjunllum
1096 2658 1173 2705 cum
1192 2628 1327 2723 majore
1346 2629 1460 2718 ostio,

485 2737 615 2812 lumine
628 2742 830 2831 illustriore,
845 2744 942 2841 quod
963 2742 1178 2815 seclusorium
1196 2741 1383 2840 appellant.
1408 2739 1458 2813 lbi

466 2871 565 2929 vcunt
589 2874 665 2922 eum
684 2854 863 2923 numerum
884 2849 1194 2938 habetexclusum,
1209 2875 1313 2946 quem
1328 2848 1460 2922 sumere

486 2957 585 3047 vult,
599 2984 719 3032 omnes
733 2959 872 3032 occidit.
894 2962 973 3033 Hoc
996 2961 1075 3033 ideo
1091 2958 1126 3030 in
1141 2959 1268 3033 secluso
1291 2958 1404 3048 clam,
1418 2982 1459 3030 ne

485 3065 629 3164 reliqui,
656 3069 679 3140 si
706 3069 878 3158 videant‚·
894 3070 1126 3166 despondeant
1150 3068 1329 3159 animum,
1355 3087 1461 3167 atque

485 3174 600 3249 alieno
615 3197 769 3273 tempore
785 3179 976 3254 venditoris
996 3173 1199 3254 moriantur.
1221 3177 1332 3278 [Non
1346 3199 1388 3252 ut
1400 3181 1461 3253 ad·

485 3309 585 3356 vena
609 3288 768 3361 volucres
789 3288 903 3384 pullos
922 3287 1072 3377 faciunt,
1085 3288 1123 3359 in
1141 3311 1224 3386 agro
1238 3287 1390 3361 ciconiae
1401 3342 1414 3378 ,
1427 3289 1463 3360 in

425 3396 429 3408 “
484 3397 577 3469 tello
598 3398 815 3490 hirundineS,
829 3399 873 3474 fic
887 3420 944 3472 aut
955 3399 1012 3473 hic
1025 3418 1081 3471 aut
1093 3397 1163 3472 illic
1175 3398 1289 3486 turdi,
1304 3399 1367 3495 qui
1383 3399 1459 3473 cunr

486 3505 563 3580 sunt
580 3508 720 3581 nomine
742 3534 870 3598 mares,
885 3533 921 3582 re
941 3535 1022 3584 vera
1037 3508 1170 3581 feminae
1194 3521 1336 3605 quo'que
1363 3511 1460 3583 sunt:

485 3644 599 3715 neque
612 3620 647 3690 id
668 3645 738 3693 non
760 3620 909 3695 secutum
924 3639 962 3693 ut
980 3621 1058 3693 ellet
1073 3618 1107 3690 in
1128 3617 1284 3701 merulis,
1300 3645 1383 3717 quae
1397 3643 1460 3690 no-

485 3730 578 3802 mine
597 3728 765 3805 feminino
787 3755 896 3802 mares
918 3730 1056 3827 quoque
1076 3728 1151 3804 liant.
1170 3720 1459 3804 Praererea'volu-

484 3863 560 3910 cres
589 3863 666 3912 cum
693 3838 813 3935 partim
845 3839 988 3911 advena
1014 3838 1097 3924 sint,
1121 3857 1159 3910 ut
1187 3826 1393 3913 hirundines
1423 3841 1459 3914 δι

482 3969 607 4044 grues3
628 3946 752 4046 partim
771 3945 1034 4038 vernaculae,ut
1052 3944 1186 4045 galline
1203 3969 1243 4018 ac
1257 3944 1457 4020 columba:

691 4193 705 4223 Ι
1146 4220 1164 4257 s
1264 4235 1272 4247 .
1316 4270 1320 4277 ι
