3509 5084
555 568 628 642 De
652 571 720 641 un
745 567 995 642 nusrrcn
1021 573 1118 649 um.
1143 577 1169 648 ι.
1276 595 1348 691 125.

389 743 482 823 ptam
504 723 540 795 in
560 727 694 797 urbe&
714 749 788 796 rure
804 723 990 797 dominum.¹
1015 726 1155 799 vilicum
1172 746 1293 802 contra
1306 755 1346 805 ea

389 835 461 907 ruri
480 835 595 907 omnia
614 853 709 906 cetto
728 834 789 905 suo
809 860 952 931 quaeque
971 837 1053 907 loco
1067 836 1113 907 ad·
1129 835 1245 909 villam
1263 837 1347 935 [de-

363 942 367 948 ’
387 945 470 1017 bent
492 943 572 1032 esse]
590 945 708 1039 pofita.
723 947 812 1037 Quae
830 971 902 1018 non
925 945 1060 1040 possunt
1077 946 1141 1019 esse
1156 947 1216 1019 sub
1237 951 1345 1044 clavi,

388 1077 488 1149 quam
507 1052 651 1126 maxime
671 1053 802 1143 facere,
821 1072 859 1125 ut
881 1053 944 1124 smt
964 1053 1000 1125 in
1021 1054 1221 1150 conspectu,
1235 1083 1345 1157 opor-¹

389 1183 455 1235 tet..
470 1188 515 1235 eo
534 1163 639 1260 magis
657 1188 716 1255 ea,
738 1189 813 1260 quae
835 1162 869 1233 in
890 1163 1017 1235 rariore
1039 1164 1114 1237 sunt
1126 1167 1204 1257 usu,
1222 1185 1258 1238 ut
1270 1169 1347 1265 qni-

389 1270 452 1342 bus
471 1272 507 1341 in
529 1271 698 1379 vindemia
714 1290 877 1359 utuntur,
895 1289 932 1342 ut
945 1266 1121 1363 corbulae,
1144 1275 1182 1348 &
1202 1267 1249 1349 'fic
1269 1276 1345 1352 alia.
1442 1301 1445 1306 ·

389 1405 468 1475 quae
489 1380 580 1452 enim
600 1404 652 1453 res
672 1381 824 1480 quotidie
846 1381 1029 1474 videntur,
1051 1385 1162 1459 minus
1189 1404 1348 1462 metuunt

388 1486 508 1585 ¹furem.
757 1569 760 1575 Δ
996 1568 998 1573 ,

437 1600 563 1673 xxm.
574 1599 715 1696 Suscipit
726 1602 937 1692 Acunum,
950 1602 992 1672 Et
1009 1601 1170 1698 quoniam
1184 1601 1345 1677 habemus

388 1703 445 1778 illa
462 1708 531 1779 duo
552 1708 675 1803 prima,
688 1734 732 1781 ex
745 1711 913 1783 divifione
934 1711 1196 1808 quadripartita,
1211 1713 1252 1785 de
1266 1713 1345 1805 sun·

388 1818 460 1906 do,
482 1821 520 1891 δι
537 1821 578 1892 de
598 1821 843 1910 instrumento,
861 1847 936 1916 quo
963 1822 1032 1895 coli
1057 1822 1166 1908 solen
1188 1823 1229 1895 de
1250 1825 1346 1899 tertia

389 1944 482 2020 parte¹
492 1927 659 2021 exspecto.
672 1929 843 2015 Senon,
856 1928 1028 2021 Quoniam
1043 1927 1207 2018 fructum,
1222 1930 1346 2027 inquit,

388 2034 531 2119 arbitror
546 2039 620 2117 xesse
636 2037 740 2117 ,fundi
762 2063 858 2137 eum,
879 2039 938 2135 qui
960 2063 1003 2110 ex
1029 2060 1072 2109 eo
1095 2036 1182 2109 satus
1202 2039 1346 2113 nascitur

388 2143 481 2216 utilis
498 2145 539 2216 ad
552 2148 700 2244 aliquam
714 2172 807 2231 rem:
826 2147 896 2233 duo
919 2144 1289 2241 confideranda,·quae,
1308 2151 1347 2223 &

388 2277 463 2349 quo
492 2255 640 2354 quidque
666 2256 919 2339 locomuxime
945 2257 1099 2351 expediat
1129 2254 1246 2329 serere.
1274 2256 1347 2330 Alia

388 2366 482 2451 enim
500 2367 579 2441 loca
590 2362 740 2465 apposita
753 2369 827 2449 sunt
845 2369 887 2443 ad
900 2367 1031 2447 foenum
1043 2420 1054 2451 ,
1066 2366 1182 2439 aliaad
1195 2365 1348 2439 frumen·
1442 2370 1455 2421 ·'

389 2493 486 2565 tum,
506 2479 569 2552 alia
587 2482 629 2553 ad
645 2482 794 2568 -vinum,
814 2482 877 2555 alia
900 2482 942 2553 ad
965 2481 1091 2582 oleum.
1112 2478 1166 2551 Sic
1188 2479 1228 2550 ad
1242 2479 1348 2575 pabu-
1439 2486 1441 2491 '

389 2585 461 2657 lum
482 2612 556 2683 quae
578 2594 764 2685 perinent,
781 2594 817 2667 in
843 2618 915 2690 quo
934 2592 981 2665 est
1007 2589 1348 2687 ocimum,farrago,

388 2695 506 2786 vicia,
524 2612 672 2786 Medisi,
684 2704 851 2801 cytisum,
867 2703 1033 2800 lupinum.
1046 2702 1166 2798 Neque
1179 2699 1214 2771 in
1231 2699 1349 2796 pingui

388 2823 479 2879 terra
498 2811 614 2881 omnia
635 2812 787 2885 seruntur
807 2815 917 2901 reste,
936 2835 1045 2908 neque
1065 2809 1101 2881 in
1124 2833 1234 2879 macra
1253 2807 1351 2887 nihil,
1414 2822 1419 2837 '

389 2914 524 2987 Resiius
547 2919 687 2988 enimin
708 2921 863 2992 tenuiore
880 2938 967 2988 terra
979 2942 1039 3003 ea,
1058 2939 1134 3010 quae
1149 2936 1221 2982 nou
1236 2913 1348 2984 multo

382 3019 541 3125 ,indigent
561 3025 664 3111 suco,
685 3044 722 3097 ut
743 3024 888 3123 cytisum
902 3026 941 3096 &
954 3019 1120 3118 legumina
1134 3071 1146 3108 ‚
1160 3036 1281 3114 praeter
1295 3018 1348 3127 ci·

391 3157 476 3207 cer:
500 3137 567 3207 hoc
588 3136 677 3210 enim
702 3161 841 3235 quoque
863 3136 1038 3233 legumen,
1057 3149 1094 3204 ut
1114 3149 1244 3218 cetera,
1269 3155 1347 3227 quae

390 3245 594 3320 vellunture
616 3236 724 3339 terra,
737 3274 808 3320 non
827 3247 1039 3320 subsecantur
1055 3271 1064 3316 :
1085 3268 1181 3340 qua,
1193 3241 1286 3338 quod
1300 3241 1347 3315 ita

390 3352 572 3450 leguntur,
596 3359 765 3454 legumina
786 3358 883 3439 disin.
907 3356 944 3427 in
963 3353 1088 3450 pingui,
1101 3349 1244 3435 rectius,
1271 3374 1348 3443 quae

390 3461 459 3534 cibi
481 3462 556 3533 sunt
576 3466 735 3555 majoris,
757 3474 794 3536 ut'
819 3466 941 3550 holus,
965 3460 1137 3544 triticum,
1163 3455 1281 3551 filigo,
1303 3456 1348 3527 li·

391 3597 486 3645 num.
506 3576 669 3666 Quaedam
684 3577 784 3645 etiam
799 3573 934 3644 serenda
946 3593 1016 3641 non
1033 3588 1098 3638 tam
1113 3584 1252 3661 propter
1265 3590 1348 3659 prae·

392 3683 518 3756 sentem
542 3685 707 3772 frustum,
728 3710 828 3781 quam
850 3683 886 3754 in
907 3706 1032 3754 annum
1062 3675 1348 3774 prospicientem,
1402 3741 1407 3753 ,

388 3795 487 3886 ,quod
508 3794 552 3863 ibi
578 3794 720 3866 subiecta
734 3814 832 3890 atque
855 3790 1106 3862 relisia'tertam
1126 3782 1255 3854 faciunt
1278 3805 1348 3852 me·

393 3898 526 3973 liorem.
549 3907 662 3997 Itaque
682 3904 837 3997 lupinum
858 3926 935 3971 cum
951 3898 1093 3968 necdum
1115 3891 1271 3963 filiculam
1288 3910 1347 3977 ce}
1408 3970 1411 3975 ¹

392 4005 444 4103 Pit
454 4066 466 4106 ,
487 4018 524 4089 &
545 4036 789 4110 nonnunquam
806 4008 953 4100 fabalia,
970 4006 1050 4078 fiad
1069 4002 1201 4099 siliquas
1215 3995 1345 4098 nonita
