3509 5084
505 556 508 562 ’
558 580 634 652 or:
660 580 730 652 nn
755 578 1014 654 nusrrcr
1042 550 1139 653 irs.
1164 582 1189 654 1.
1282 564 1358 679 '13⁹

391 738 530 815 dullam.
548 765 592 814 ne
609 740 817 815 extrinsecus
836 739 962 814 imbres
982 760 1150 829 noceant,
1164 759 1221 813 aut
1236 740 1362 817 nimius

391 850 510 940 calor,
535 848 650 947 argilla
676 850 923 939 oblinendum,
945 875 984 923 ac
1008 851 1101 922 libro
1128 846 1361 949 obligandum.

391 960 509 1057 ltaque
531 958 784 1047 vitem,triduo
805 977 987 1055 antequam
1007 959 1172 1052 inserant,
1185 960 1364 1047 desecant,

391 1086 431 1138 ut
450 1066 508 1165 qui
523 1065 558 1138 in
573 1091 612 1139 ea
626 1066 751 1141 nimius
763 1065 813 1140 ell
827 1068 970 1158 humor,
987 1068 1117 1141 diffluat
1139 1087 1240 1157 ante,-
1257 1093 1363 1165 quant

392 1175 565 1251 inseratur.
591 1196 625 1249 at
649 1178 685 1249 in
707 1202 773 1273 qua
797 1176 971 1269 inserunt,
992 1178 1027 1249 in
1055 1203 1094 1250 ea
1125 1179 1229 1275 paulo
1251 1177 1366 1265 infra,¹

390 1308 493 1381 quam
512 1283 647 1357 insitum
666 1283 734 1373 est,
748 1282 905 1357 incidunt
921 1311 931 1357 ε
947 1286 1038 1357 unde
1057 1287 1182 1358 humor
1201 1286 1366 1359 adventi-3

390 1394 465 1467 cius
479 1394 614 1467 effluere
628 1394 739 1491 poffit.
759 1410 879 1467 eontra
895 1395 929 1467 in
948 1393 1039 1487 fico,
1051 1398 1089 1468 δι
1103 1395 1195 1468 malo
1212 1396 1366 1477 Punica,

392 1500 567 1599 &liqna
588 1504 687 1577 etiam
708 1504 831 1578 horum
857 1524 976 1578 natura
998 1505 1161 1595 aridiora,
1176 1505 1365 1579 continuo.‘

393 1614 434 1683 ln
452 1611 527 1685 aliis
543 1610 819 1686 translationibus
833 1614 1043 1705 videndum,
1056 1632 1094 1686 ut
1108 1614 1203 1710 quod
1218 1611 1366 1685 transfe-

393 1739 446 1793 rat
458 1719 493 1791 in
510 1744 671 1795 cacumen
679 1721 825 1827 Qabeat
842 1748 1025 1823 gemmam,
1038 1743 1076 1795 ut
1090 1723 1126 1795 in
1142 1721 1223 1797 ficis.
1239 1726 1297 1797 De
1311 1723 1365 1793 his

357 1860 361 1865 ·
388 1830 574 1931 [primis]
599 1836 748 1928 quatuor
776 1832 959 1929 generibus
992 1832 1180 1921 seminum,
1207 1832 1365 1928 quaedarn

388 1940 491 2035 quod
505 1941 676 2030 tardiora,
688 1939 829 2013 surculis
842 1941 960 2037 potius
975 1944 1161 2029 utendum,
1174 1959 1212 2012 ut
1226 1940 1262 2012 in
1278 1939 1365 2013 fice-

392 2050 438 2122 tis
461 2042 601 2123 faciunt.
622 2050 692 2125 Fici
714 2051 805 2123 enim
832 2050 945 2124 semen
970 2051 1124 2125 naturale
1147 2049 1241 2122 intus
1265 2049 1302 2121 in
1324 2073 1366 2121 ea

393 2156 483 2250 fico,
496 2159 606 2258 quam'
617 2160 758 2235 edimus.
772 2186 848 2258 quae
867 2161 944 2234 sunt
962 2160 1092 2234 minuta
1115 2184 1235 2259 grana,
1250 2184 1270 2232 e
1285 2157 1367 2256 qui-

394 2267 457 2341 bus
469 2269 714 2368 parvis‚qu0d
727 2268 838 2376 enasci
849 2270 991 2344 coliculi
1009 2270 1068 2342 vir
1081 2287 1220 2368 queunt.
1235 2267 1365 2341 Omnia
1445 2304 1447 2309 ·
1506 2258 1510 2267 ¹

378 2372 488 2450 ¹enirn
504 2379 633 2451 minuta
648 2381 686 2453 δι
699 2380 790 2450 arida
803 2382 845 2452 ad
858 2380 1080 2456 crescendum
1101 2381 1194 2455 tarda
1206 2406 1218 2466 ;
1231 2403 1271 2450 ea
1285 2404 1366 2475 qua».

392 2483 545 2574 laxiora,
558 2486 597 2560 δι
618 2485 857 2575 foecundiora3
871 2505 911 2558 ut
931 2486 1079 2575 femina,
1100 2511 1204 2583 quam
1218 2510 1300 2558 mas.
1320 2508 1367 2557 ex

394 2595 625 2691 proportione
647 2598 684 2668 in
705 2595 865 2693 virgultis
883 2597 977 2670 item.
997 2596 1112 2695 itaque
1125 2594 1238 2683 ricus,
1257 2594 1366 2665 malus

392 2705 544 2797 Punica,
569 2709 608 2781 δι
624 2708 724 2798 vids,
744 2729 885 2805 propter
906 2706 1089 2781 femineam
1116 2706 1297 2779 mollitiam
1321 2704 1366 2776 ad

394 2814 615 2891 crescendum
629 2843 751 2913 prona.
775 2840 897 2892 contra
915 2820 1046 2916 palma,
1062 2820 1101 2892 δι
1116 2816 1309 2912 cuptellus‚
1326 2816 1367 2888 δε

393 2928 493 3014 olea,
510 2926 545 2998 in
561 2927 743 2999 crescendo
767 2928 869 3000 tarda.
890 2926 926 2996 in
946 2928 1016 2997 hoc
1042 2922 1133 2995 enim
1152 2921 1366 3009 humidiora,

394 3061 493 3132 quam
509 3035 668 3109 aridiora.
690 3060 794 3132 quare
814 3058 858 3106 ex
878 3051 967 3106 terra
989 3033 1105 3130 potius
1122 3033 1158 3105 in
1181 3032 1368 3105 seminariis
1420 3116 1423 3121 ¹

394 3146 551 3220 surculos
564 3148 604 3218 de
621 3142 749 3236 ficeto,
770 3172 871 3244 quarn
891 3171 995 3245 grana
1008 3147 1049 3218 de
1065 3143 1134 3219 fico
1148 3144 1286 3243 expedit
1299 3144 1382 3223 ob-,
1422 3226 1425 3232 ¹

393 3278 516 3330 tuere:
538 3274 659 3352 praeter
682 3244 704 3327 fi
727 3255 823 3329 aliter
845 3279 1015 3353 nequeas:
1035 3274 1073 3327 ut
1092 3253 1271 3352 siquando
1288 3254 1366 3350 quis
1458 3292 1464 3302 ·

393 3385 601 3437 transmare
625 3364 752 3437 semina
768 3367 923 3453 mittere,
947 3390 1006 3438 aut
1030 3365 1110 3436 inde
1137 3383 1252 3461 petere
1275 3365 1365 3437 vult.

393 3490 469 3546 tum
491 3471 580 3543 enim
596 3471 763 3545 resticulas
776 3498 837 3570 per
855 3472 966 3561 ficos,
981 3496 1065 3569 quas
1088 3472 1239 3562 edimus,
1253 3490 1365 3544 matu-

387 3608 452 3659 ·ras
468 3581 662 3680 perferunt,
675 3585 713 3655 &
729 3607 801 3673 eas,
815 3606 894 3655 curn
907 3582 1119 3671 inaruerunt,
1135 3582 1364 3678 complicant,

396 3720 437 3770 ac
462 3719 533 3792 quo
557 3692 684 3765 volunt
704 3692 864 3781 mittunt,
888 3692 948 3765 ubi
966 3693 1098 3765 obrutae
1121 3691 1158 3765 in
1182 3690 1362 3763 seminario

397 3801 541 3897 pariant.
561 3799 616 3872 Sic
635 3824 756 3897 genera
771 3798 936 3889 ficorum,
950 3800 1067 3888 Chiae,
1083 3825 1123 3874 ac
1139 3800 1365 3889 chalcidicae,

398 3913 438 3985 ὅ(
452 3911 590 4009 Lydiae,
606 3914 644 3984 &
664 3909 829 3985 Africanae
841 3937 851 3984 ε
865 3910 947 3983 item
963 3930 1072 3985 cetera
1090 3910 1308 3982 transmarina
1327 3904 1364 3981 in

397 4018 527 4095 ltaliam
542 4022 680 4117 perlata.
700 4020 810 4094 Simili
824 4020 865 4093 de
886 4020 982 4097 causa
996 4020 1082 4096 oleae
1099 4019 1208 4093 semen
1223 4042 1302 4093 curn
1321 4020 1361 4093 stt
