3509 5084
432 500 481 574 tt
576 480 1273 557 mnoncruscnro

430 666 560 730 aream,
575 645 613 717 δι
630 642 780 715 canalem
793 643 976 715 rotundam
994 640 1100 715 stciro
1116 644 1227 715 laram.
1247 665 1280 717 a.
1294 665 1351 719 ιν.
1363 664 1393 716 s·

432 759 531 838 :—
553 753 713 824 Ceterum
736 751 968 849 pavimentum
982 771 1092 827 totum
1107 752 1322 827 fundamental
1337 778 1397 849 pe·

430 859 512 931 dum
535 859 682 930 duorum
707 860 824 934 facito.
848 863 1076 935 Fundamenta
1097 862 1247 956 primum·
1265 860 1399 941 filluca·

431 984 486 1058 to,
498 969 613 1064 postea
629 972 801 1044 caementis
818 970 979 1061 minutis,
990 974 1031 1046 δι
1045 972 1136 1047 calce
1147 981 1286 1045 arena'to
1298 970 1405 1047 semi·.

432 1076 839 1178 pedemunumquodque
853 1082 988 1154 corium
1004 1080 1132 1156 llruito.
1147 1081 1342 1155 Pavimenta
1355 1077 1400 1152 ad

434 1185 528 1259 hunc
549 1189 690 1261 rnodunr
713 1188 819 1263 facito
829 1214 845 1280 ,·
856 1189 915 1263 ubi
933 1189 1148 1275 liberaveris,
1162 1191 1202 1262 de
1216 1189 1400 1288 glarea‚·&

433 1290 529 1367 calce
550 1313 689 1369 arenato
705 1296 848 1390 primum
870 1295 1003 1369 corium
1025 1290 1149 1383 facito{
1163 1297 1197 1368 id
1213 1294 1290 1392 pilis
1308 1292 1401 1366 subi·

434 1398 530 1500 gito,
553 1402 640 1476 idem
660 1403 802 1477 alterum
821 1403 955 1476 corium
968 1401 1090 1476 sacito.
1111 1430 1155 1477 eo
1163 1405 1309 1514 falcem
1332 1401 1402 1476 cri·

437 1510 504 1584 bro
517 1511 708 1597 ‚succretam
730 1514 841 1586 indito
856 1513 921 1585 alte
939 1512 1066 1610 digitos
1084 1514 1167 1588 duo.
1189 1514 1236 1586 ibi
1256 1515 1298 1586 de
1321 1511 1409 1585 tella*

344 1634 359 1668 -“
437 1618 530 1695 arida
547 1620 777 1714 pavimentum
800 1623 931 1695 struito.
949 1622 1007 1695 ubi
1027 1621 1182 1697 strudurn
1202 1624 1287 1711 erit,
1302 1623 1404 1720 pavi-

440 1744 505 1816 to,
528 1726 742 1825 fricatoque,
758 1728 808 1804 uti
834 1728 1067 1825 pavimentum
1091 1730 1222 1802 bonum
1247 1729 1315 1801 siet.
1335 1731 1405 1799 Ar·

439 1835 542 1913 bores
555 1822 781 1940 stipitesque
807 1840 959 1919 robustas
986 1840 1118 1931 facim,
1139 1859 1197 1913 aut
1221 1839 1347 1937 pineas.
1363 1839 1406 1911 ¹Si

389 1966 398 1975 “
440 1949 551 2021 trabes
570 1947 721 2022 minores
742 1949 853 2024 facere
880 1949 1001 2036 voles,
1031 1949 1163 2022 canales
1189 1968 1284 2022 extra
1304 1949 1407 2025 colu·

440 2081 555 2133 mnam
579 2059 747 2156 expolito.
767 2061 791 2134 fi
812 2061 859 2134 ita
874 2060 1012 2151 seceris,
1031 2061 1141 2134 trabes
1162 2060 1285 2157 pedum
1306 2080 1420 2147 xxu„

440 2164 555 2267 longae
569 2195 658 2266 opus
676 2189 785 2246 erunt.
808 2172 940 2251 Orbem
961 2169 1125 2243 olearium
1147 2171 1250 2243 latum
1266 2171 1409 2266 pedibus¹

440 2276 498 2351 iv.
511 2279 689 2377 punicanis
703 2281 913 2378 coagmentis
927 2279 1047 2368 facito,
1058 2279 1200 2371 crassum
1215 2278 1338 2374 digitos
1352 2301 1408 2350 vr.

441 2388 570 2478 facito,
589 2388 767 2465 subscudes
788 2391 927 2488 iligneas
949 2390 1113 2465 adindito.
1133 2392 1196 2477 Eas
1215 2389 1275 2460 ubi
1296 2385 1407 2461 confi·

411 2498 415 2509 '
443 2498 561 2593 aeris,
585 2496 692 2573 clavis
705 2498 841 2574 corneis
860 2498 1049 2575 occludiro.
1071 2503 1108 2571 ln
1121 2523 1199 2571 eum
1212 2499 1332 2572 orbern
1347 2497 1409 2570 tris

444 2626 580 2688 catenas
600 2606 723 2680 indito.
743 2610 807 2682 Eas
827 2627 962 2683 catenas
977 2634 1055 2684 cum
1069 2609 1210 2681 orbibus
1221 2609 1328 2681 clavis
1341 2606 1409 2678 ser·

443 2706 510 2789 reis
533 2713 711 2814 corrigito.
735 2718 866 2790 Orbem
887 2743 930 2790 ex
951 2718 1140 2809 ulmo,aut
1154 2715 1196 2790 ex
1210 2717 1336 2815 corylo
1359 2713 1408 2789 fa·

440 2829 528 2907 cito.
550 2830 585 2902 Si
599 2849 781 2931 utrumque
795 2831 957 2923 habebis,
971 2820 1115 2906 alternas
1137 2829 1260 2904 indito.

446 3018 456 3039 Ι,
494 2942 594 3017 XIX.
605 2946 641 3015 ln
655 2942 733 3016 vasa
749 2942 881 3017 vinaria
896 2943 1021 3041 stipites
1036 2941 1239 3041 arboresque
1251 2938 1413 3037 binispe·

367 3128 370 3138 ,
441 3053 546 3129 'dibus
568 3053 704 3127 altiores
725 3053 967 3152 facito‚supra
989 3053 1157 3127 foramina
1176 3053 1336 3129 arborum
1352 3074 1412 3147 pe·

441 3162 521 3239 den't
545 3188 688 3262 quaeque
701 3163 753 3235 uti
765 3164 910 3254 absent,
924 3191 1001 3237 unae
1020 3163 1140 3271 fibula,
1152 3162 1269 3234 locum
1292 3158 1426 3234 facito.-

442 3271 648 3369 semipedem
670 3269 974 3369 quoquoversum,
999 3269 1035 3341 in
1055 3240 1205 3345 sucubm
1221 3269 1297 3342 sena
1320 3268 1412 3341 sora·

442 3379 537 3457 mina
559 3378 680 3452 indito.
706 3377 881 3469 foramen,
894 3376 991 3476 quod
1009 3377 1156 3477 primum
1173 3376 1297 3467 facies,
1317 3376 1413 3450 senri-

442 3489 566 3588 pedem
579 3487 622 3560 ab
637 3488 774 3562 cardine
794 3487 926 3579 facito,
947 3505 1058 3580 cetera
1070 3485 1218 3562 dividito
1241 3512 1340 3584 quarn
1356 3503 1414 3561 res·

445 3598 597 3675 difflue.
617 3599 803 3674 Porculum
817 3600 855 3673 in
867 3600 978 3673 media
992 3595 1106 3672 sucula
1121 3595 1237 3672 facito.
1257 3601 1346 3668 lnter
1358 3621 1413 3666 ar·

443 3709 547 3783 bores
563 3707 718 3789 ,medium
739 3710 834 3805 quod
849 3708 929 3798 erit,
942 3707 977 3780 id
990 3708 1033 3780 ad
1046 3708 1191 3783 mediam
1203 3705 1412 3798 collibrato‚

439 3818 504 3895 ubi
524 3810 704 3917 porculum
726 3815 831 3917 figere
853 3816 1041 3914 oportebit.
1058 3818 1108 3892 uti
1129 3819 1165 3891 in
1187 3816 1301 3890 medio
1332 3843 1413 3914 pre·

444 3924 516 4011 lum
538 3930 628 4009 reue
641 3928 741 4008 situm
764 3927 834 4006 liet.
849 3927 1027 4031 [iugulant
1045 3953 1125 4008 cum
1143 3926 1266 4019 sacies,
1284 3927 1326 4000 de
1339 3951 1413 4000 me·
