3509 5084
418 585 482 680 nu
515 615 520 624 ·
555 589 604 659 n.
629 583 905 658 Taunurn
931 560 1241 657 vannoursx
1344 683 1349 691 ¹

459 751 545 819 LVl.
565 751 715 818 Aemus
726 800 734 829 ,
747 744 962 831 Iamdudum,
973 743 1097 838 inquit,
1110 743 1146 815 in
1161 742 1241 816 villa
1254 742 1377 819 sedens

410 859 566 953 exspetlo
588 865 667 930 cnm'
685 857 775 931 clavi
790 877 841 938 te,
858 859 1001 942 Suom,
1016 858 1096 928 dum
1112 857 1236 928 frudns
1251 859 1289 928 in
1305 859 1379 929 vit-

303 963 307 969 ’
411 969 476 1039 lam
493 967 622 1038 referas.
639 968 713 1048 Ille,
729 969 789 1037 Em
804 966 887 1059 quin
902 965 1027 1036 adsum.
1042 964 1145 1037 venio
1157 1019 1167 1052 ,
1179 966 1316 1062 inquit,
1332 968 1378 1038 ad

409 1076 533 1164 limen,
558 1077 648 1148 fores
671 1075 771 1170 aperi.
804 1076 950 1146 Primum
974 1073 1150 1145 foenisrciae
1175 1075 1377 1161 conduntur

409 1187 529 1257 melius
546 1186 604 1257 sub
623 1187 711 1257 tello
720 1240 732 1273 ,
746 1210 846 1282 quam
865 1185 901 1257 in
917 1186 1065 1272 acervis,
1080 1185 1175 1282 quod
1193 1185 1237 1255 ita
1259 1183 1299 1257 fit
1315 1185 1378 1278 ju·

408 1297 551 1370 cundius
579 1299 749 1393 pabulum.
770 1323 813 1368 ex
838 1321 881 1370 eo
908 1296 1124 1394 intelligitur,
1147 1297 1240 1394 quod
1267 1321 1377 1394 pecus

409 1428 554 1499 utroque
574 1409 686 1504 posito
700 1408 859 1479 libentius
878 1407 934 1480 est.

457 1518 559 1592 Lvtl.
580 1523 626 1589 At
640 1517 787 1588 triticum
801 1518 906 1590 condi
921 1532 1060 1610 oportet
1076 1514 1111 1586 in
1127 1515 1278 1612 granaria
1292 1515 1380 1588 sub-2

406 1630 518 1715 limia,
532 1653 610 1727 quae
625 1623 809 1721 perdentur
824 1647 934 1698 vento
956 1626 998 1696 ab
1015 1643 1156 1712 exortu,
1171 1649 1210 1696 ac
1224 1622 1375 1720 septem-T

405 1738 555 1809 trionum
569 1735 726 1831 regione,
737 1735 778 1804 ad
793 1759 870 1832 quae
884 1734 975 1807 nulla
988 1759 1067 1805 aura
1078 1728 1217 1804 'humida
1229 1757 1273 1806 ex
1288 1760 1372 1830 pro·

405 1847 542 1944 pinquis
566 1845 652 1916 locis
673 1845 825 1940 adspiret.
849 1836 1047 1940 parietes&
1067 1843 1176 1918 solnm
1195 1869 1301 1941 opere
1317 1865 1371 1918 te·

404 1957 515 2032 &orio
541 1976 747 2028 marmorato
771 1955 962 2028 loricandi:
987 1956 1009 2026 st
1034 1956 1164 2046 minus,
1186 1980 1228 2028 ex
1252 1958 1369 2056 argilla

338 2116 340 2123 ·
405 2067 517 2140 mixto
535 2090 629 2138 acere
647 2091 665 2136 e
685 2065 877 2152 frumento,
892 2068 930 2138 &
949 2090 1104 2154 amurca,
1123 2066 1215 2161 quod
1237 2091 1369 2141 murem

404 2181 442 2252 δι
457 2200 606 2248 vermem
622 2202 693 2249 non
707 2175 921 2270 patiturelle,
934 2180 971 2250 &
981 2201 1080 2274 grana
1097 2174 1175 2248 facit
1188 2175 1368 2270 solidiora,

369 2349 378 2359 ,
403 2311 442 2359 ac
464 2282 625 2358 firmiora.
655 2284 791 2380 quidam
814 2283 923 2381 ipsum
947 2283 1094 2356 triricum
1117 2282 1365 2381 conspergunt,

402 2423 480 2470 curn
510 2397 632 2468 addant
653 2395 689 2465 in
715 2394 849 2467 circiter
874 2393 965 2465 mille
988 2393 1142 2465 modium
1166 2393 1367 2488 quadrantal

401 2530 556 2577 amurcae.
580 2510 660 2574 ltem
678 2504 767 2574 alins
792 2503 883 2575 aliud
905 2501 1046 2591 adfriat,
1063 2519 1119 2575 aut
1142 2501 1307 2599 aspergit,
1327 2524 1365 2579 ut

400 2613 631 2685 Chalcidicam
654 2633 710 2685 aut
734 2614 889 2685 Caricam
910 2633 1056 2702 cretam,
1076 2630 1132 2686 ant
1149 2614 1364 2692 absrnrhium.

400 2721 478 2793 item
492 2720 589 2810 hujus
604 2721 734 2818 generis
749 2722 822 2795 alia.
836 2723 986 2814 Quidam
1000 2725 1149 2823 granaria
1161 2723 1290 2797 habent
1303 2728 1364 2801 sub

398 2830 721 2928 terris,speluncas,
735 2858 816 2930 quas
834 2854 963 2908 vocant
977 2847 1100 2933 σωροὺς,
1119 2830 1203 2905 utin
1220 2820 1364 2934 ⁴Cappa-1

386 2944 514 3029 docia,
528 2969 567 3016 ac
579 2943 734 3017 Thracia.
748 2941 822 3033 alii,
834 2962 870 3014 ut
884 2943 919 3014 in
935 2941 1090 3039 Hispania
1105 2942 1283 3034 citeriore,
1298 2973 1363 3042 pu·

376 3063 492 3135 teos,
506 3073 543 3122 ut
562 3053 597 3122 in
615 3079 695 3149 agro
707 3053 995 3150 Carthaginiensi,
1013 3056 1051 3127 δι
1063 3052 1212 3126 Oscenli.
1223 3055 1359 3130 Horum

397 3161 504 3232 solum
521 3160 621 3254 paleis
639 3161 869 3235 substernunt:
885 3166 921 3235 δι
936 3180 1075 3248 curant,
1091 3188 1132 3234 ne
1144 3161 1290 3254 humor,
1304 3184 1360 3256 aut

395 3295 452 3344 aer
468 3289 604 3367 tangere
616 3271 735 3366 poffir,
749 3273 807 3346 nisr
824 3298 900 3346 curn
915 3271 1083 3367 promitur
1099 3273 1140 3343 ad
1155 3272 1264 3349 usum.
1275 3299 1359 3374 quo

393 3381 482 3454 enim
498 3380 629 3478 spiritus
645 3408 714 3454 non
731 3385 908 3477 pervenit,
922 3382 968 3455 ibi
981 3409 1053 3456 non
1068 3385 1178 3459 oritur
1191 3389 1360 3470 curcurim

391 3492 445 3564 Sic
469 3492 646 3564 conditum
669 3493 818 3567 triticum
841 3514 952 3568 manet
976 3495 1035 3566 vel
1056 3521 1165 3567 annos
1185 3498 1358 3596 quinqua·
1409 3582 1411 3591 Α

390 3601 482 3700 ginta
496 3627 505 3672 ε
519 3601 648 3672 milium
670 3627 757 3672 vero
780 3603 855 3700 plus
870 3628 979 3677 annos
997 3625 1144 3678 centurn.
1160 3607 1267 3701 Supra
1287 3627 1358 3681 ter-

389 3737 461 3784 ram
477 3711 627 3807 granaria
640 3709 675 3781 in
689 3737 768 3810 agro
783 3713 918 3808 quidam
934 3713 1088 3788 sublimia
1105 3713 1254 3804 faciunt,
1272 3737 1309 3790 ut
1320 3718 1357 3792 in

294 3813 297 3821 ’
380 3819 547 3918 ‘Hispania
562 3821 839 3909 citeriore,&in
855 3824 985 3918 Apulia.
1006 3826 1156 3920 Quidam
1180 3849 1258 3921 quae
1283 3853 1355 3902 non

386 3931 497 4003 solum
512 3956 531 4002 a
546 3929 704 4010 lareribus
722 3958 782 4028 per
804 3932 980 4031 fenestras,
1001 3935 1057 4014 sed
1076 3934 1178 4011 etiam
1199 3933 1369 4014 subtusa

350 4132 355 4145 1
386 4037 462 4115 solo
480 4061 602 4124 ventus
622 4040 775 4149 regelarey
786 4043 900 4144 poffit.
