3509 5084
448 545 570 671 'cv'tn
691 599 742 668 M.
768 597 884 665 TER.
909 598 1204 667 VARRONIS

463 756 541 843 dio,
552 779 610 850 per
622 754 653 827 se
667 731 1143 852 cohorteseiecit,portalque
1156 755 1330 850 praeclulit.
1342 758 1421 830 Hoc
1504 842 1509 853 ,

469 888 555 937 vero
585 863 686 959 magis
712 887 893 957 properate
918 867 1050 953 Varr0,
1071 884 1108 936 ut
1127 888 1202 937 cum
1232 865 1422 960 legionibus

468 997 569 1068 quam
590 971 734 1065 primum
759 969 869 1042 Gades
895 971 1138 1043 contenderet:
1161 996 1203 1043 ne
1223 970 1346 1043 itinere
1363 987 1423 1045 aut

468 1080 649 1176 transjedu
666 1080 955 1155 intercluderetur.
972 1082 1080 1153 Tanta
1093 1106 1132 1156 ac
1152 1100 1218 1153 tam
1233 1080 1373 1154 secunda
1388 1083 1423 1154 in

467 1189 632 1264 Caesarem
654 1188 830 1260 voluntate
851 1188 1055 1283 provincia,
1076 1191 1248 1287 progrello
1268 1192 1299 1262 ei
1320 1192 1423 1286 paulo

468 1300 604 1397 longius
618 1296 723 1371 literae
737 1325 754 1371 a
766 1299 919 1371 Gadibus
933 1298 1135 1372 redduntur:
1151 1300 1346 1397 simulatque
1363 1326 1424 1375 co·

467 1410 597 1507 guitum
615 1407 654 1480 fit
667 1409 707 1480 de
725 1406 834 1480 edidlo
851 1406 1221 1494 Caesaris,conlens1lle
1237 1408 1424 1481 Gaditanos

468 1516 638 1612 principes
659 1540 736 1587 cum
759 1515 901 1586 tribunis
923 1514 1141 1602 cohortium,
1162 1541 1239 1612 quae
1254 1516 1354 1588 ellent
1377 1514 1425 1590 ili

467 1626 504 1697 in
527 1623 705 1719 praesidio,
726 1644 763 1695 ut
785 1622 985 1696 Gallonium
997 1648 1038 1695 ex
1054 1623 1184 1720 oppido
1198 1626 1425 1720 expellerent,
1487 1673 1493 1690 .

468 1735 586 1806 urbem
599 1731 804 1830 insulamque
821 1733 945 1805 Caelari
966 1733 1142 1806 servarent.
1155 1736 1232 1806 Hoc
1243 1733 1329 1806 inito
1342 1758 1425 1805 con·

438 1898 441 1902 .
468 1842 563 1929 lilio,
582 1841 824 1927 denuntiavisse
843 1841 1029 1928 Gallonio,
1051 1863 1087 1914 ut
1110 1831 1164 1914 sua
1185 1827 1322 1938 sponte,
1345 1843 1426 1910 dum

469 1951 539 2022 fine
560 1951 712 2045 periculo
734 1950 869 2036 liceret,
884 1951 1058 2051 excederet
1078 1949 1240 2022 Gadibus.
1255 1949 1288 2020 si
1304 1947 1337 2018 id
1352 1971 1426 2018 non

469 2059 619 2150 fecillet,
638 2061 697 2132 fibi
720 2062 897 2135 confilium
930 2078 1098 2156 capturos.
1121 2061 1197 2131 Hoc
1221 2058 1342 2128 timore
1365 2057 1428 2129 adi

471 2167 609 2238 dullum
623 2168 822 2258 Gallonium
841 2166 993 2241 Gadibus
1007 2164 1181 2239 exceffille.
1200 2165 1260 2236 His
1280 2161 1427 2260 cognitis

469 2274 588 2361 rebus,
605 2275 708 2346 altera
722 2299 765 2346 ex
785 2273 913 2348 duabus
927 2273 1137 2370 legionibus,
1151 2298 1226 2368 quae
1248 2268 1427 2345 vernacula

469 2384 721 2479 appellabatur,
741 2408 782 2456 ex
803 2384 916 2459 castris
931 2383 1123 2465 lVarronis,
1143 2381 1289 2453 adstante
1310 2382 1348 2453 &
1373 2379 1428 2450 in·

470 2491 637 2586 speclante
647 2491 740 2586 ipso,
758 2491 847 2590 ligna
861 2490 1007 2579 sullulit,
1022 2490 1428 2584 sesequeHilpalimrece·

469 2597 543 2694 pit,
555 2615 656 2692 atq-ue
673 2599 708 2669 in
727 2598 808 2671 foro
829 2602 866 2674 &
884 2599 1069 2695 porticibus
1083 2599 1149 2670 stne
1164 2596 1330 2670 maleficio
1344 2623 1428 2675 cott-

471 2703 564 2779 sedit.
581 2708 689 2796 Quod
707 2705 829 2779 facium
848 2707 934 2780 adeo
954 2703 1023 2799 ejus
1038 2725 1229 2781 conventus
1246 2704 1338 2776 cives
1353 2706 1428 2774 tto·

472 2814 564 2884 mani
594 2817 927 2911 comprobaverunt,
945 2833 983 2886 ut
1010 2816 1148 2886 domum
1168 2814 1210 2885 ad
1229 2814 1261 2886 le
1289 2813 1427 2911 quilque
1477 2855 1479 2857 .

470 2921 620 3018 bospitio
643 2924 857 3020 cupidillrme'
873 2924 1048 3020 reciperet.
1073 2923 1208 3016 Quibus
1231 2925 1328 2996 rebus
1355 2948 1428 3018 per·

471 3033 608 3106 territus
628 3038 761 3126 Varro,
776 3061 874 3126 cnm,
892 3034 1012 3107 itinere
1026 3034 1213 3124 converso,
1225 3034 1290 3108 sese
1302 3035 1427 3109 ltaliam

471 3166 652 3215 venturum
671 3143 885 3239 promisrlset,
896 3145 1022 3218 certior
1035 3171 1055 3218 a
1068 3143 1132 3218 suis
1146 3144 1250 3217 fabius
1260 3145 1327 3233 cll,
1343 3171 1427 3240 prae·

472 3250 579 3324 clusas
592 3251 656 3324 effe
667 3271 793 3347 portas.
805 3252 897 3323 Tum
918 3276 1025 3342 vero,
1045 3252 1140 3327 omni
1154 3251 1352 3325 interclusus
1373 3253 1427 3326 iti·

472 3385 575 3446 nere,
593 3362 635 3433 ad
653 3361 816 3463 Caesarem
842 3361 971 3450 mittit,
988 3381 1138 3459 paratum
1160 3362 1191 3435 se
1212 3361 1296 3451 elle,
1318 3362 1427 3459 legio·

236 3534 239 3541 .
314 3465 317 3472 ’
375 3550 378 3554 ,
473 3493 573 3557 nem,
594 3471 649 3543 cui
668 3470 813 3564 jusserit,
830 3473 1012 3545 transdere.
1032 3471 1091 3544 llle
1109 3472 1245 3544 adeum
1261 3475 1334 3544 Sex.
1351 3474 1428 3543 Cae·

474 3576 577 3649 sarem
599 3578 727 3668 mittit,
749 3600 848 3672 atque
871 3577 951 3653 huic
975 3579 1102 3652 transdi
1127 3578 1230 3672 jubet.
1251 3580 1428 3652 Transdita

474 3684 633 3782 legione,
653 3689 763 3759 Varro
780 3688 976 3761 Cordubam
998 3689 1039 3759 ad
1058 3689 1219 3762 Caesarem
1240 3688 1356 3760 venit:
1372 3713 1427 3760 re·

475 3793 549 3867 latis
570 3795 708 3868 adeum
730 3790 872 3889 publicis
893 3795 1104 3885 rationibus,
1124 3822 1199 3870 cum
1228 3791 1311 3887 fide,
1331 3797 1428 3890 quod

324 3985 327 3990 Ι
477 3928 579 3996 penes
598 3929 674 3987 eunt
695 3902 741 3975 cll
761 3902 932 4001 pecuniae,
949 3905 1106 3993 transdit,
1124 3907 1182 3994 bt,
1196 3906 1289 4001 quod
1302 3899 1428 4000 ubique

479 4008 597 4088 habeat
618 4011 778 4090 frumenti
800 4036 839 4087 ac
861 4010 1025 4108 navium,
1045 4012 1199 4089 ostendit.
1219 4016 1291 4087 Dio
1308 4016 1428 4114 Caffius
