3509 5084
376 636 381 645 ‚
490 616 493 620 ,
542 509 1184 615 DERERUSTI'CALIB.111.
1224 539 1227 545 ·
1282 565 1348 643 ns

387 705 546 804 tudine‚]
561 707 653 802 quod
673 707 802 803 levipes
824 709 912 782 ellet.
938 665 1010 807 Ego
1028 710 1175 782 arbitror
1189 736 1206 781 a
1220 713 1352 784 Graeco

388 818 563 891 vocabulo
582 819 742 913 antiquo,
766 820 859 915 quod
883 845 960 891 eum
984 821 1098 893 AEoles
1118 821 1245 894 Boeotii
1262 832 1355 893 λέπσ-
1455 826 1471 878 ·'

387 967 426 1026 pv
441 929 663 1022 appellabant.
680 930 840 1002 Cuniculi
857 931 934 1002 diui
952 933 1070 1015 abeo,
1085 928 1178 1027 quod
1193 928 1355 1004 subterra

390 1038 570 1110 cuniculos
596 1038 655 1132 ipsi
679 1040 789 1111 facere
812 1038 961 1129 soleant,
981 1041 1036 1111 ubi
1059 1041 1183 1113 laieant
1200 1044 1232 1111 in
1259 1041 1359 1138 agris.

388 1149 523 1219 Horum
544 1136 696 1220 omnium
721 1149 783 1220 tria
800 1176 941 1246 genera,
959 1152 981 1222 sr
1001 1151 1117 1246 pollis,
1132 1152 1165 1221 in
1181 1147 1356 1245 leporario
1438 1217 1440 1220 Α

389 1258 513 1330 habere
531 1277 679 1352 oportet.
694 1257 762 1329 duo
779 1262 913 1353 quidem
937 1245 1053 1355 urique
1067 1284 1099 1332 re
1118 1261 1237 1330 habere
1252 1277 1356 1353 puto,

391 1371 428 1440 δι
448 1370 540 1464 quod
557 1370 590 1439 in
613 1368 772 1463 Hispania
791 1371 887 1442 annis
912 1371 955 1441 ira
972 1369 1062 1441 fuisti
1076 1369 1207 1460 multis,
1220 1387 1257 1440 ut
1278 1366 1358 1437 inde
1374 1433 1376 1436 ,
1480 1406 1482 1413 =

389 1493 423 1548 re
445 1477 622 1550 cuniculos
641 1480 836 1571 persecutos
857 1480 1002 1550 cre'danr.

438 1586 529 1657 Xlll.
552 1588 660 1679 Apros
685 1587 820 1681 quidem
849 1588 941 1682 polle
967 1577 1086 1659 habere
1107 1586 1143 1658 in
1166 1586 1358 1682 leporario,

389 1716 454 1764 nec
475 1717 599 1789 magno
616 1695 754 1790 negotio
767 1695 812 1766 ibi
833 1699 869 1770 δι
886 1696 1061 1792 captivos,
1080 1699 1116 1768 &
1133 1697 1261 1770 cicures
1275 1752 1285 1781 ,
1299 1696 1359 1790 qui

390 1801 439 1874 ibi
451 1793 522 1878 fnari
542 1802 619 1892 sint,
635 1805 773 1900 pingues
788 1805 894 1878 solere
912 1807 982 1878 fieri
993 1861 1003 1893 ‚
1016 1807 1098 1893 scis,¹
1107 1813 1236 1900 inquam
1247 1861 1255 1891 ‚
1268 1813 1358 1880 Axi.

391 1915 478 1984 Nam
497 1937 595 2007 quern
615 1912 758 1985 fundum
774 1914 810 1986 in
826 1916 1024 1989 Tusculano
1040 1916 1121 2003 emit
1138 1917 1195 1988 hic
1216 1920 1326 1987 Varro
1341 1944 1361 1990 a
1477 1933 1480 1939 '

391 2027 441 2094 M.
456 2024 568 2118 Pupio
581 2023 720 2114 Pisone,
736 2024 848 2096 vidisti
862 2028 902 2097 ad
923 2026 1080 2131 btucinanr
1098 2025 1244 2097 inflatam
1264 2047 1361 2098 cerro

390 2151 546 2226 tempore
572 2160 671 2228 apros
694 2138 883 2231 &capreas
906 2136 1095 2208 convenire
1119 2137 1158 2208 ad
1178 2137 1361 2222 pabulum,

392 2270 469 2319 curn
491 2269 511 2315 e
533 2242 703 2338 superiore
719 2244 836 2316 locoe
864 2245 1009 2339 palaellra
1033 2242 1120 2339 apris
1135 2244 1363 2317 effunderetur

391 2359 505 2455 glans,
519 2355 648 2452 capreis
670 2357 775 2440 vicia,
793 2375 849 2427 aut
870 2357 950 2452 quil
969 2354 1070 2426 alind.
1086 2354 1158 2449 Ego
1181 2378 1289 2438 vero,
1308 2359 1364 2426 inq

393 2473 461 2564 quir
475 2476 527 2541 ille
540 2523 549 2555 ‚
566 2469 656 2563 apud
672 2470 719 2560 Q.
733 2469 1041 2540 Hortensrunr'cum
1058 2462 1092 2536 in
1110 2488 1189 2562 agro
1203 2465 1364 2538 Laurenti

392 2581 490 2652 ellenr
505 2634 514 2667 ‚
530 2580 576 2650 ibi
601 2579 684 2650 illuc
706 2578 810 2674 magis
826 2587 975 2675 τραγικῶς
990 2573 1061 2644 lieri
1077 2572 1160 2656 vidi,
1177 2576 1261 2644 Nam
1278 2574 1364 2649 lilva

392 2707 481 2776 erar,
500 2708 536 2760 ut
558 2689 707 2777 dicebat,
731 2688 825 2783 supra
847 2685 1091 2784 quinquaginta
1114 2681 1266 2781 jugerum
1287 2694 1364 2756 'ma-

394 2798 482 2872 ceria
498 2797 614 2891 saepta,
630 2797 723 2895 quod
748 2823 816 2870 non
836 2797 1058 2892 leporarium.
1082 2793 1137 2864 sed
1161 2806 1365 2889 snprorpopelor

393 2907 592 3001 appellabar.
607 2907 655 2977 Ibi
669 2925 740 2976 erat
755 2907 852 2978 locus
866 2904 1017 2976 excelsus
1031 2957 1040 2988 ,
1056 2901 1113 2972 ubi
1128 2901 1280 2972 triclinio
1297 2925 1365 2994 po-
1414 2923 1416 2927 ·

369 3016 458 3088 ,ΐιῐο
476 3015 704 3088 coenabamus.
729 3012 880 3105 Quintus
896 3013 1036 3107 Orphea
1053 3007 1174 3087 vocari
1188 3006 1287 3101 juffit.
1302 3005 1363 3106 qui

395 3150 472 3199 curn
492 3149 535 3197 eo
562 3122 704 3195 venillet
724 3147 799 3194 curn
818 3122 922 3207 stola,
939 3125 977 3196 &
998 3122 1148 3209 cithara,
1169 3123 1206 3194 &
1228 3124 1365 3197 cantare
1441 3167 1444 3174 ·

395 3235 475 3306 effer
499 3233 621 3327 julius,
639 3231 816 3315 buccinam
844 3232 1000 3323 inflavit,
1018 3233 1076 3304 ubi
1100 3251 1191 3304 tanta
1216 3233 1365 3308 circunn

393 3341 495 3414 'fluxit
512 3366 575 3412 nos
596 3365 795 3424 cervorum,
811 3365 994 3436 aprorum,
1009 3343 1047 3412 δι
1069 3361 1254 3411 ceterarum
1278 3366 1365 3438 qua-

396 3453 582 3547 drupedum
599 3450 802 3537 multitudo,
817 3466 940 3521 utnon
955 3450 1066 3522 minus
1078 3449 1268 3522 formosum
1282 3449 1364 3522 mihi

396 3561 504 3634 visum
521 3562 559 3632 sn
573 3561 814 3657 (pellandum,
830 3586 930 3652 qnam
945 3560 986 3631 in
1001 3560 1096 3634 circo
1114 3561 1264 3632 inaximo
1283 3561 1366 3641 aediq

397 3675 503 3761 lium,
516 3673 584 3744 sine
598 3671 766 3745 Africanis
787 3669 898 3742 bestiis
911 3697 986 3747 curn
1002 3669 1089 3755 fiunt
1104 3671 1314 3744 venationes.

456 3785 551 3855 XlV.
586 3786 731 3868 ΑΧΙυε,
750 3782 841 3852 Tuas
866 3799 997 3874 partes,
1018 3777 1148 3876 inquit,
1173 3778 1365 3852 sublevavit

399 3891 548 3986 Appius,
566 3914 592 3962 ο
612 3892 778 3961 MERULA
803 3881 927 3961 noster.
952 3889 1059 3981 Quod
1081 3889 1121 3960 ad
1143 3889 1363 3961 venationem

399 3999 560 4096 pertinet,
574 3999 725 4076 breviter
737 3998 901 4073 secundus
916 3996 1094 4085 transastus
1112 3997 1270 4072 est'allus.
1288 3998 1364 4072 Nec
