3509 5084
452 564 597 621 cxxxu
794 545 1093 614 INDEX.

635 705 698 764 Hos
712 702 783 782 legat
794 705 921 783 antiquos
938 708 1097 779 Varronem,
1113 725 1218 784 eumque
1238 703 1349 765 Catonis

673 785 794 863 Scripta,
811 785 995 858 Columellam,
1014 786 1217 864 Palladiumque
1229 785 1308 866 legar.
1326 783 1328 787 ’

632 868 712 926 ⁴Rura
727 883 839 938 eanum,
856 867 969 945 rurisque
987 865 1079 925 Deos:
1095 866 1139 924 lris
1153 867 1212 925 vita
1226 867 1298 946 magi
1318 867 1356 926 ris

677 948 808 1025 Defuevit
815 967 917 1026 querna
921 946 1016 1024 pellere
1029 945 1127 1026 glande
1137 946 1245 1026 firmem.

635 1025 756 1109 Impreffit
771 1027 849 1103 Regii
864 1048 944 1108 nuper
959 1027 1095 1093 volumina
1112 1049 1217 1106 quotum

678 1109 781 1186 Optime
798 1109 930 1166 liottonus
944 1107 1046 1167 nomine
1061 1106 1274 1168 Bantouraroi

540 1253 544 1259 ,
573 1187 683 1263 Exstat,
696 1187 826 1250 Fabricio
835 1188 905 1248 teste
915 1234 923 1262 ‚
934 1189 1052 1250 Hieron.
1063 1186 1237 1250 commelini
1247 1207 1332 1248 manu
1344 1188 1406 1266 pal·

499 1316 506 1325 .
571 1271 786 1342 troentinate,
799 1270 829 1329 in
849 1268 986 1330 biblioth.
999 1269 1117 1346 publica
1132 1270 1292 1332 Academia
1300 1270 1405 1330 Frane·

524 1394 527 1401 ·
569 1370 711 1426 queranae.
724 1350 797 1413 Usus
816 1353 879 1426 ejus
892 1349 1065 1411 leelionibus
1081 1351 1176 1412 Roma
1188 1350 1238 1411 irbi
1253 1350 1404 1425 miffisJul.

572 1432 747 1494 Pontedera:
767 1451 836 1508 quas
854 1451 1066 1508 nonnunquam
1086 1431 1212 1494 diversas
1226 1431 1282 1492 effe
1295 1431 1331 1492 ab
1342 1432 1406 1493 aliie

576 1513 728 1585 omnibns,
745 1524 864 1589 apparet
881 1513 942 1576 Cat.
959 1533 992 1595 5,
1011 1534 1035 1576 1.

455 1615 532 1680 ¹494
572 1595 702 1654 Bononia
721 1595 755 1666 l,
773 1593 792 1652 s.
811 1593 962 1668 beroaldi,
981 1592 1031 1656 fol.
1055 1597 1146 1674 Opera
1158 1595 1407 1674 Agricolatr'onum:

574 1676 737 1736 Columella:
758 1676 906 1734 Varronis:
931 1678 1104 1758 Catonisque:
1120 1697 1164 1733 nec
1185 1697 1237 1734 noo
1261 1676 1405 1735 Palladii:

412 1806 416 1813 .
442 1780 448 1789 ·
572 1777 629 1815 cum
644 1756 856 1836 exeriptiom'bus.
873 1758 915 1816 D.
933 1758 1053 1838 l'lrilippi
1073 1756 1220 1830 Beroaldi,
1237 1755 1406 1817 &Commen-

424 1834 434 1851 '
465 1854 479 1879 ⁰
572 1837 650 1897 tariis
665 1859 720 1916 qua
735 1839 762 1895 in
777 1837 842 1896 aliis
858 1836 1125 1918 impreffiortibusmort
1138 1839 1246 1915 exstant.
1261 1873 1295 1884 -
1309 1838 1342 1897 ln
1353 1839 1408 1898 *ad-

571 1917 651 1978 versa
665 1916 750 1977 titulo
766 1919 869 1995 pagina
885 1918 988 1996 legitur
1005 1919 1144 1997 prefatio
1152 1918 1268 1994 Georgii
1283 1918 1407 1980 Alexan·

573 1999 661 2071 drini,
677 1998 809 2076 inscripta
821 1999 904 2061 Petro
916 1997 1023 2075 Priolo‚
1039 1998 1081 2063 M.
1092 1998 1152 2059 filio
1162 1999 1284 2076 Veneto,
1296 2004 1311 2077 (
1321 1999 1406 2060 Enar-

571 2079 732 2140 rationibus
760 2079 915 2157 priscarum
950 2100 1055 2142 vocum
1085 2078 1254 2162 praemiffa)
1281 2095 1342 2140 turn
1364 2079 1406 2140 se-

570 2160 787 2239 quiturbrevior
801 2180 846 2240 ep.
857 2161 930 2226 Phil.
941 2162 1093 2226 Beroaldi:
1112 2165 1195 2238 cujus
1206 2162 1269 2221 finis
1287 2161 1336 2220 hic
1347 2161 1404 2222 est:

571 2237 733 2324 Hoste'uuo
754 2244 887 2305 oronim
909 2266 1040 2306 connexos
1057 2245 1198 2325 nuperrime
1215 2243 1333 2325 impreffit
1355 2243 1408 2305 Be·

571 2324 706 2385 nedicitls
717 2325 1055 2404 BibliopolaBortouieostr
1064 2326 1215 2406 castigatius
1225 2325 1405 2405 iuniusque,

568 2427 648 2486 quam
663 2409 763 2484 priores
770 2405 926 2487 impreffirres
933 2405 1132 2486 filliraueriut:
1149 2406 1263 2464 Addiris
1277 2428 1330 2464 non
1338 2429 1406 2485 pau-

568 2487 610 2546 cis
625 2485 822 2565 appendicula:
836 2488 907 2565 quod
919 2487 1003 2545 veluti
1018 2485 1127 2546 illirium
1142 2488 1249 2564 emptori
1258 2487 1314 2563 fit:
1337 2507 1406 2545 eum-

569 2586 619 2644 que
630 2565 720 2641 faciat
735 2566 1031 2647 empturientem'magis.
1059 2567 1197 2644 Quidquid
1217 2567 1248 2623 il
1266 2569 1314 2647 est,
1333 2566 1408 2627 uuor

566 2644 679 2705 cardiu
694 2646 778 2726 quaeso
791 2646 856 2703 loni
869 2645 1006 2724 confidito.
1030 2681 1065 2693 -
1084 2643 1200 2706 inverso
1217 2658 1314 2705 autem
1326 2647 1406 2706 ordi·

568 2743 626 2796 ne,
643 2742 730 2802 quem
748 2723 848 2786 titulos
863 2723 969 2798 habet,
988 2725 1051 2804 post
1066 2726 1260 2798 enarrationes
1279 2744 1405 2800 vocum,

569 2804 599 2866 se
625 2805 789 2882 excipiunt,
810 2807 906 2880 Cato,
926 2808 1036 2881 Varro,
1056 2806 1239 2882 Columella,
1252 2806 1406 2870 Palladius,
1487 2821 1489 2825 ·

565 2887 626 2951 Sub
643 2887 732 2949 finem
750 2889 925 2950 Varronis&
942 2887 1110 2950 Columellae
1129 2907 1238 2950 nomen
1255 2890 1405 2966 imprello·

568 2971 607 3030 ris
619 2968 740 3048 legitur:
759 2970 821 3049 poli
830 2969 989 3032 Palladium
1000 2988 1067 3030 vero
1077 2969 1216 3048 amplius:
1237 2974 1324 3051 Opera
1336 2972 1407 3052 agri-

503 3052 507 3060 '
569 3053 746 3111 colationum:
759 3053 921 3114 Columella:
941 3052 1090 3114 Varronis:
1110 3054 1339 3134 Catonisquetnec
1352 3074 1408 3111 nou

566 3131 711 3192 Palladii:
735 3126 793 3192 eum
808 3135 1025 3214 exeriprionibus.
1042 3134 1241 3214 1D.1Plrilippi
1260 3135 1405 3193 Beroaldi:
1471 3167 1479 3182 ·

566 3209 596 3270 δ’
612 3212 802 3273 commentariis
809 3234 871 3293 qua
886 3214 915 3272 in
931 3216 996 3274 aliis
1011 3213 1210 3295 impreffiooibus
1226 3236 1278 3275 non
1293 3217 1403 3294 exstant.

567 3290 690 3372 lmpreffie
704 3293 811 3353 Borion.
828 3294 953 3374 Impenfis
963 3295 1096 3355 Benedilli
1111 3298 1217 3355 helioris
1234 3298 1405 3373 bononienfis.

566 3374 908 3437 MCCCCLXXXXIIII.
925 3378 1012 3437 XIII.
1028 3376 1112 3438 caleo.
1129 3379 1210 3438 oliab.
1229 3377 1316 3438 Joare
1335 3378 1405 3437 Ben-

566 3453 627 3514 tiuo
644 3480 674 3516 rr.
685 3455 748 3534 reip.
759 3459 826 3515 bono
846 3458 965 3516 habenas
973 3457 1095 3537 suliciter
1109 3462 1262 3518 moderante.
1273 3460 1405 3534 Sequitur

349 3554 351 3558 ⁴
567 3534 717 3613 registrum
737 3535 926 3614 plagarum&
945 3557 1061 3598 carmen
1080 3538 1188 3615 duplex
1206 3540 1244 3600 ad
1256 3540 1405 3602 Letlorenr

569 3618 597 3678 ἃ
622 3617 827 3693 impressorem.
855 3655 890 3667 -
916 3620 1014 3683 Exstat
1037 3619 1068 3678 in
1093 3619 1162 3680 bibl.
1187 3619 1404 3697 Archipalatina

533 3716 552 3753 ··
566 3696 769 3776 Mannhennii,
779 3703 806 3759 ὅ(
815 3700 913 3776 Lipsiae
921 3702 951 3758 in
963 3699 1032 3762 bibl.
1042 3700 1167 3762 Paulina.
1176 3700 1324 3764 consentit
1335 3713 1403 3758 cum

523 3822 526 3827 -
565 3777 758 3854 Jensoniana‚
770 3778 819 3838 sed
836 3774 877 3840 est
887 3785 1059 3858 correction
1073 3802 1102 3844 v.
1112 3783 1216 3846 Goetzii
1233 3780 1398 3842 memorab.

566 3861 641 3925 Bibl.
659 3859 759 3923 Dresd.
777 3859 807 3924 P.
826 3860 873 3935 ll,
890 3882 918 3938 p.
936 3882 983 3942 73.
1091 3900 1095 3909 .

449 3940 525 4024 1496
567 3945 666 4004 Veneta
677 3941 718 4004 ΙΙΙ
728 3988 739 4014 ,
749 3941 801 4002 fol.
815 3942 906 4016 Cato,
921 3945 1035 4019 Varro,
1053 3940 1232 4016 Columella,
1247 3939 1403 4004 Palladius.

567 4022 605 4088 lit
620 4023 684 4088 baec
692 4024 732 4087 eli
739 4024 874 4102 repetitio
884 4023 1073 4100 Jensonianae.
1090 4024 1225 4088 Habebat
1240 4023 1399 4088 Fabricius.
