3509 5084
477 570 526 664 9⁶
624 568 674 640 u.
700 564 976 637 runuuru
1001 564 1303 640 unnuouts,

399 806 406 818 ‚
475 732 592 822 Quare
618 746 689 802 tota
715 729 847 826 pastio,
871 754 947 826 quae
973 722 1193 827 conjungitur
1219 757 1239 802 a
1265 728 1435 829 plerisque

474 864 552 911 cum
564 839 764 937 agricultura
777 893 788 928 ,
803 839 907 936 magis
923 838 964 911 ad
979 838 1166 930 pastorem,
1180 864 1279 935 quam
1294 840 1335 911 ad
1347 842 1439 938 agri-

477 948 590 1021 colam
612 949 778 1044 pertinere
798 949 947 1021 videtur.
968 946 1143 1040 Quocirca
1160 948 1352 1045 principes,
1377 949 1441 1047 qui

476 1059 611 1154 utrique
632 1059 682 1131 rei
703 1081 975 1155 praeponuntur,
999 1058 1176 1132 vocabulis
1200 1083 1338 1158 quoque
1361 1058 1442 1132 sunt

479 1166 625 1257 diversi,
640 1167 734 1261 quod
753 1191 841 1240 unus
862 1186 1009 1238 vocatur
1027 1166 1173 1257 vilicuS,
1191 1168 1273 1239 alter
1285 1167 1444 1266 magister

475 1275 621 1375 pecoris.
643 1275 776 1351 Vilicus
796 1274 866 1372 agri
885 1273 1022 1347 colendi
1045 1274 1140 1347 causa
1155 1272 1373 1360 constitutus,
1388 1292 1444 1346 at·

477 1414 543 1486 que
565 1385 752 1487 appellatus
772 1412 790 1458 a
815 1384 919 1471 villa,
940 1384 1035 1480 quod
1054 1386 1097 1454 ab
1113 1409 1156 1455 eo
1170 1383 1206 1454 in
1221 1408 1293 1455 eam
1307 1408 1445 1457 conve·

413 1529 417 1538 ¹
476 1498 604 1570 huntur
616 1485 757 1583 frusius,
772 1498 809 1568 &
824 1494 1017 1568 evehuntur
1026 1547 1039 1580 ,
1053 1519 1131 1565 cum
1148 1509 1309 1566 veneunt.
1332 1515 1443 1589 aquo

478 1607 592 1680 rustici
608 1607 707 1678 eriam
733 1629 824 1676 nunc
846 1627 986 1699 quoque
1002 1602 1094 1677 viam
1106 1657 1117 1692 ,
1131 1629 1228 1678 veam
1247 1582 1444 1702 apbellanr,

385 1798 411 1823 φ,
476 1735 619 1812 propter
642 1703 811 1797 vesluras3
827 1712 864 1785 &
888 1711 1011 1783 uellam
1031 1736 1103 1785 non
1123 1713 1240 1784 villam
1254 1768 1265 1803 ‚
1281 1740 1352 1811 quo
1377 1739 1443 1788 ve·-

475 1826 587 1914 ltunt5
603 1826 640 1896 δι
660 1823 750 1894 unde
771 1820 911 1892 vehunt.
928 1823 1012 1891 Item
1026 1819 1206 1910 dicuntur,
1220 1822 1279 1918 qui
1290 1822 1443 1896 ‘vecturis

474 1932 624 2018 vivunt,
643 1928 843 2000 vellaturam
863 1925 984 2000 facere.
1005 1929 1129 2018 Certe,
1147 1929 1259 2025 inquit
1284 1933 1443 2004 FuNun·

477 2040 705 2131 N1us·‚'aliud
726 2037 853 2137 pastio,
869 2041 907 2112 δι
929 2039 1020 2110 aliud
1041 2039 1268 2137 agricultura,
1290 2041 1346 2113 sed
1364 2041 1442 2113 affi-

476 2151 541 2225 nis.
561 2152 600 2223 δι
610 2171 650 2222 ut
665 2140 800 2222 dextera
814 2149 897 2222 tibia
909 2147 987 2239 alia,
1003 2173 1102 2245 quam
1118 2147 1261 2238 sinislra,
1276 2148 1321 2221 ira
1335 2170 1373 2223 ut
1386 2169 1441 2224 ta·

475 2284 556 2332 men
578 2259 619 2330 stt
632 2259 779 2356 quodam
799 2256 906 2331 modo
927 2256 1131 2350 conjuncta,
1154 2259 1249 2356 quod
1271 2259 1318 2330 est
1337 2259 1442 2334 altera

477 2364 627 2464 ejusdem
642 2366 797 2440 carminis
819 2360 1002 2438 modorum
1024 2365 1222 2457 incentiva,
1242 2365 1343 2439 altera
1366 2367 1442 2443 suc·

478 2477 626 2552 centiva.
646 2479 688 2548 Et
712 2476 847 2572 quidem
869 2475 948 2548 licet
975 2473 1137 2568 adjicias,
1157 2477 1312 2571 inquam,
1329 2478 1442 2574 pasto·

475 2610 553 2657 rum
574 2583 681 2656 vitam
695 2583 759 2655 effe
777 2584 1010 2673 incentivam,
1024 2581 1246 2681 agricolarum
1261 2585 1452 2663 ¹succenti·.

476 2718 584 2782 vam,
607 2694 743 2765 auclore
763 2692 952 2764 douiffimo
973 2691 1112 2764 homine
1130 2693 1355 2782 Dicaearcho,
1377 2693 1440 2790 qui

477 2803 622 2876 Graeciae
642 2801 711 2874 vita
732 2803 841 2899 qualis
861 2802 962 2874 suerit
984 2804 1025 2875 ab
1051 2802 1174 2890 initio,
1200 2803 1301 2874 nobis
1322 2805 1441 2876 oslen-

476 2913 549 3003 dit,
568 2931 607 2986 ut
629 2912 856 3010 superioribus
875 2915 1083 3009 temporibus
1095 2912 1189 2986 fuisse
1203 2915 1341 3001 docear,
1357 2941 1440 2999 cum

477 3023 636 3096 homines
657 3024 866 3119 pastoricium
890 3025 996 3096 vitam
1014 3043 1175 3123 agerent,
1191 3050 1298 3123 neque
1316 3025 1440 3100 scirent

476 3131 577 3205 etiam
593 3157 685 3204 arare
700 3152 820 3208 terram
832 3189 843 3222 ‚
857 3153 915 3206 aut
930 3135 1036 3206 serere
1054 3137 1212 3220 arbores,
1225 3159 1279 3207 aut
1300 3157 1437 3230 putare3

479 3240 523 3312 ab
545 3231 600 3312 his'
615 3241 777 3315 inferiore
800 3246 904 3344 gradu
922 3245 1027 3315 aetatis
1049 3244 1229 3338 susceptam
1250 3248 1439 3342 agricultu-

384 3388 393 3401 -
478 3374 561 3421 ram.
581 3352 756 3444 Quocirca
778 3354 971 3428 &succinit
991 3352 1283 3452 pastorali‚,quod
1296 3355 1342 3428 est
1356 3354 1440 3427 inse·

477 3460 562 3550 rior,
573 3480 609 3535 ut
623 3463 703 3536 tibia
717 3465 842 3539 finillra
857 3491 875 3539 a
889 3467 1015 3538 dexrrae
1028 3462 1261 3538 foraminibus.
1274 3454 1439 3555 Aemus,

283 3612 293 3632 ο
385 3670 388 3677 ¹
459 3572 556 3661 Tu,
573 3572 706 3670 inquit,
723 3576 847 3650 tibicen
868 3603 940 3648 non
963 3576 1069 3648 solum
1083 3575 1199 3649 adimis
1219 3577 1361 3647 domino
1378 3594 1442 3671 pei

478 3707 558 3765 αις,
573 3683 627 3755 sed
641 3684 739 3756 etiam
754 3685 857 3758 servis
871 3687 1039 3781 peculium
1050 3741 1061 3776 ,
1072 3688 1192 3782 quibus
1203 3685 1333 3757 domini
1347 3686 1441 3773 dant,

479 3808 518 3863 ut
538 3789 695 3886 pascant,
715 3812 812 3887 atque
836 3795 936 3864 etiam
960 3793 1049 3890 leges
1073 3795 1248 3868 colonicas
1269 3791 1384 3882 tollis,
1403 3793 1441 3866 in

480 3898 604 3997 quibus
629 3899 828 3987 scribimus,
845 3901 1003 3988 Colonus
1024 3903 1059 3975 in
1087 3929 1169 4000 agro
1192 3903 1376 3975 surculario
1397 3926 1440 3974 ne

480 4031 581 4107 capra
601 4031 713 4090 natum
733 4009 866 4112 pascat:
887 4035 971 4112 quas
988 4012 1089 4100 etiam
1103 4009 1283 4110 astrologia
1305 4011 1342 4085 in
1364 4036 1441 4094 coe:
