3509 5084
466 530 539 589 ³120
611 518 660 588 u.
684 482 960 587 rruaurri
986 509 1283 582 vtnnours

469 671 580 771 iugera
599 674 708 767 pollit.
731 672 786 744 sed
806 669 998 766 relinquere
1019 668 1051 740 se
1073 691 1191 762 operas
1221 687 1314 755 xm,
1335 667 1435 741 vale³

468 779 596 869 tudini,
610 779 812 875 tempestati,
826 779 973 864 inertiae,
989 775 1217 872 indulgentiae.
1228 762 1434 866 Lrimms,

468 888 600 959 Horum
614 909 732 961 neuter
744 888 819 960 satis
830 887 978 960 dilucide
993 886 1151 958 modulos
1160 884 1302 980 reliquit
1316 887 1436 962 nobis.

468 996 576 1086 Quod
596 997 685 1072 Cato
700 997 725 1068 s1
745 996 858 1069 voluit
876 994 942 1092 (ut
959 991 1100 1091 debuit)
1116 994 1164 1066 uti
1179 996 1435 1091 proportione,

469 1103 511 1175 ad
531 1103 693 1198 majorem
714 1105 859 1178 fundum
880 1103 937 1177 vel
956 1103 1123 1174 minorem
1142 1102 1357 1193 adderemus,
1373 1103 1437 1180 vel

468 1212 701 1310 demeremus,
723 1234 817 1287 extra
838 1213 998 1287 familiam
1019 1211 1135 1286 debuit
1160 1212 1273 1286 dicere
1290 1211 1437 1291 vilicum

471 1322 510 1394 &
525 1323 671 1398 vilicam.
693 1329 812 1422 Neque
829 1326 919 1398 enim
940 1326 965 1397 fi
985 1325 1095 1397 minus
1110 1344 1209 1409 ccxt
1229 1321 1344 1419 jugera
1361 1322 1439 1393 oli·

471 1432 543 1504 veti
565 1434 677 1526 colas,
702 1460 773 1508 non
800 1437 902 1533 possis
926 1436 1037 1508 minus
1058 1460 1131 1508 uno
1151 1435 1259 1508 vilico
1286 1434 1438 1505 habere:

471 1564 536 1613 nec
560 1542 585 1613 sr
609 1544 659 1616 bis
684 1562 782 1616 tanto
808 1544 1007 1640 ampliorem
1032 1545 1195 1634 fundum,
1215 1561 1275 1617 aut
1293 1567 1336 1616 eo
1359 1543 1438 1638 plus

472 1653 584 1743 colas,
599 1654 677 1727 ideo
691 1657 761 1729 duo
778 1655 890 1744 vilici,
906 1675 964 1729 aut
976 1678 1043 1732 tres
1056 1657 1201 1730 habendi
1214 1656 1317 1729 suere.
1336 1658 1439 1756 Ope-j

473 1762 553 1834 rarii
575 1766 682 1836 modo
701 1768 740 1840 δι
759 1764 898 1838 bubulci
916 1789 982 1863 pro
1007 1766 1167 1863 portione
1187 1764 1360 1853 demendi,
1375 1761 1438 1836 vel

474 1871 640 1962 addendi,
654 1875 696 1946 ad
709 1876 879 1965 minores,
895 1873 1082 1970 majoresve
1096 1877 1219 1949 modos
1239 1875 1439 1954 fundorum.

475 1980 512 2052 hi
526 2007 684 2081 quoque,
700 1985 724 2057 fi
740 1982 852 2058 similis
872 1985 920 2057 est
940 2011 1028 2083 ager.
1049 1986 1098 2056 fin
1120 1985 1168 2058 est
1184 1985 1232 2059 ita
1253 1984 1439 2075 diffimilis,

477 2110 517 2162 ut
536 2106 630 2164 totus
647 2095 733 2165 arari
755 2119 827 2167 non
842 2094 964 2190 possit,
983 2114 1022 2167 ut
1042 2094 1067 2165 li
1087 2094 1127 2167 sit
1148 2094 1368 2192 confragosus
1383 2112 1439 2166 at-

476 2224 545 2296 que
558 2201 679 2274 arduus
693 2202 813 2292 clivis,
830 2204 940 2276 minus
953 2205 1051 2277 multi
1063 2229 1151 2301 opus
1164 2204 1240 2277 sunt
1257 2206 1384 2293 boves,
1399 2204 1440 2279 δι

447 2384 453 2395 x
478 2311 629 2387 bubulci.
646 2314 752 2388 Mitto
767 2313 871 2400 illud,
893 2315 987 2410 quod
1006 2314 1169 2405 modum,
1184 2339 1294 2414 neque
1306 2339 1441 2403 unum,

477 2442 543 2493 nec
565 2422 738 2497 modicum
761 2422 940 2518 proposuit
962 2442 1066 2493 ccxl.
1087 2420 1252 2521 jugerum.
1279 2424 1441 2495 Modicus

478 2529 570 2601 enim
586 2533 808 2619 centuria‚&
823 2557 860 2604 ea
876 2553 926 2605 cc
940 2531 1227 2631 jugerum‚equo
1246 2559 1325 2607 cum
1346 2530 1440 2603 sexta

479 2666 556 2736 pars
571 2643 832 2741 siteax1.‚quae
850 2644 891 2716 de
906 2664 1007 2716 ccxl.
1028 2644 1227 2734 demuntur,
1241 2671 1313 2718 non
1332 2643 1441 2715 video

479 2753 762 2847 quemadmodum
792 2778 833 2825 ex
859 2751 931 2845 ejus
957 2769 1129 2848 precepto
1155 2753 1285 2824 dernam
1310 2752 1442 2824 sextam

477 2866 686 2957 pauent&
706 2864 748 2938 de
764 2886 838 2936 xm
857 2861 1033 2958 mancipiis
1054 2858 1164 2933 nihilo
1183 2861 1288 2959 magis
1309 2859 1333 2933 si
1355 2860 1443 2936 vili-

481 2977 631 3063 cum,&
646 2974 782 3051 vilicam
804 2999 1010 3062 removero,
1024 2973 1309 3070 quemadmodum
1329 2997 1371 3044 ex
1394 2991 1444 3043 xr

480 3078 604 3153 sextam
623 3102 750 3178 partem
770 3086 911 3158 demam.
938 3081 1046 3175 Quod
1062 3099 1173 3152 autem
1190 3081 1235 3154 ait
1253 3082 1290 3153 in
1308 3103 1331 3152 c
1347 3079 1443 3178 juge·

482 3186 577 3258 ribus
589 3188 765 3261 vinearum
789 3215 876 3289 opus
895 3189 957 3264 esse
970 3208 1027 3258 xv
1047 3187 1270 3284 mancipia‚fi
1292 3189 1368 3285 quis
1380 3191 1444 3262 ha-'

481 3294 576 3370 bebit
598 3299 805 3392 centuriam,
828 3325 904 3398 quar
927 3297 966 3369 fit
990 3294 1165 3387 dimidium
1190 3288 1319 3390 sineri,
1339 3297 1444 3377 dimi-3

482 3408 578 3482 dium
592 3407 736 3498 oliveti,
750 3410 922 3507 sequetur,
940 3425 978 3480 ut
993 3407 1063 3479 duo
1076 3405 1201 3480 vilicos
1214 3410 1253 3480 δι
1266 3409 1347 3480 duas
1363 3410 1444 3483 vilis

484 3540 540 3591 cas
564 3514 704 3591 babeat:
727 3521 821 3617 quod
840 3519 887 3592 est
909 3516 1140 3591 deridiculum.
1153 3518 1279 3608 ,Quare
1301 3515 1366 3587 alia
1389 3540 1446 3589 ra·

485 3627 580 3699 tione
603 3629 723 3701 modus
747 3629 994 3724 mancipiorum
1013 3624 1193 3723 generatim
1217 3625 1263 3697 est
1288 3625 1445 3696 animadd

486 3736 687 3823 vertendus,
701 3738 739 3808 dt
754 3734 858 3830 magis
868 3735 905 3805 in
922 3736 990 3807 hoc
1002 3734 1140 3807 Saserna
1155 3732 1365 3830 probandus,
1378 3729 1442 3826 qui

485 3843 553 3933 ait,
571 3842 699 3941 singula
714 3842 826 3939 jugera
839 3841 1010 3938 quaternis
1019 3839 1137 3937 ¹operis
1146 3864 1217 3912 uno
1231 3838 1387 3933 operario
1399 3836 1442 3908 ad

367 4016 370 4021 ,
437 4043 439 4047 ,
485 3950 733 4031 conficiendum
748 3949 823 4025 satis
835 3947 910 4036 esse.
932 3947 1160 4027 Sedsihocin
1170 3947 1316 4022 Saserna
1328 3943 1452 4033 fundu¹
