3509 5084
373 648 374 653 a
492 598 542 685 'm
639 600 688 671 u
738 535 1088 669 poncius
1138 584 1392 674 cnro‘·

491 785 540 834 ex
563 749 659 853 parte
677 753 747 829 five
769 738 975 850 circumagi,
998 751 1069 824 live
1093 752 1361 831 circumferenda
1385 784 1465 834 cett·

490 871 579 950 seas,
593 868 642 938 uti
655 863 911 945 cureslustrare.
923 865 1063 953 lanum,
1075 864 1265 966 lovemque
1277 869 1364 943 vino
1377 872 1465 967 ptae‘-

490 980 643 1067 famino,
659 975 836 1049 src'dicito
852 1001 861 1046 :
884 976 976 1045 Mars
993 965 1105 1069 pater‘,
1126 994 1159 1048 te
1173 1002 1317 1072 precor,
1330 982 1464 1076 quaeso-

490 1115 559 1188 que
574 1079 699 1162 uti'sres
719 1085 842 1160 volens
867 1085 1039 1181 propitius
1057 1086 1160 1177 mihi,
1179 1089 1284 1162 domo
1307 1089 1464 1166 familiae·

489 1224 559 1298 que
579 1196 727 1283 nollrae,
749 1191 873 1290 quoius
895 1193 941 1265 tei
959 1218 1042 1291 ergo
1059 1221 1175 1294 agrurn
1189 1250 1200 1287 ‚
1215 1214 1359 1286 tetram,
1381 1200 1463 1274 fun-

361 1377 374 1408 ..
422 1319 425 1325 '
487 1311 640 1406 ¹dumque
659 1330 772 1378 meum
786 1303 1030 1378 suovitautalia
1050 1306 1235 1404 circumagi
1253 1307 1336 1402 juni.
1353 1310 1463 1393 utitu

487 1421 633 1498 morbos
651 1415 743 1488 visos
757 1467 767 1502 ,
783 1413 1245 1512 invisosque,.viduettatem
1261 1471 1273 1506 ,
1288 1418 1464 1494 vastitudi-

488 1554 659 1628 nemque,
675 1524 875 1600 calamitates
887 1578 898 1613 ,
912 1524 1220 1624 intemperiasque,
1239 1526 1466 1624 prohibeffis,

486 1639 675 1725 defendas,
695 1633 981 1730 'averruncesque
1009 1634 1126 1732 utique
1152 1652 1188 1725 tu
1219 1623 1358 1734 fruges,
1386 1637 1462 1720 fruq

480 1769 621 1837 menta,
636 1746 772 1832 vineta,
790 1743 1004 1842 virgultaque
1020 1741 1196 1844 grandite,
1210 1747 1364 1844 beneque
1375 1773 1462 1821 eve·

487 1863 564 1937 nire
584 1859 678 1932 sinas
692 1855 866 1954 pastores,
881 1880 1056 1954 pecuaque
1075 1857 1164 1949 salva
1185 1857 1355 1948 servaffis,
1371 1860 1460 1932 duis·

487 1990 554 2072 que
572 1973 698 2065 bonam
721 1967 858 2040 salutem
882 1954 1181 2068 'valetudinemque
1200 1969 1309 2061 mihi,
1325 1971 1460 2064 domo,

484 2070 691 2178 familiaeque
703 2078 838 2151 nostra.
852 2079 1021 2152 Harumce
1034 2104 1148 2153 rerum
1161 2104 1244 2178 ergo
1256 2078 1376 2171 fundi,
1389 2100 1460 2155 ter·

485 2221 533 2268 rae
555 2191 693 2289 agrique
721 2187 787 2260 mei
809 2178 990 2278 lustrandi,
1003 2189 1166 2287 lusttique
1183 2190 1328 2269 faciendi
1350 2216 1459 2289 ergo,

483 2304 580 2380 ficuti
604 2301 694 2389 dixi,
714 2302 819 2372 made
844 2297 934 2373 hisce
955 2298 1235 2374 suovitaurilibus
1255 2302 1458 2378 lallentibus

338 2433 345 2460 '
425 2474 429 2487 ,
483 2413 702 2505 immolandis
715 2411 797 2511 esto.
812 2412 905 2483 Mars
918 2418 1033 2506 pater,
1046 2410 1197 2509 ejusdem
1211 2413 1260 2487 rei
1273 2440 1374 2512 ergo,
1387 2427 1460 2488 ma·

320 2547 323 2553 ·
365 2609 367 2614 ,
483 2525 536 2596 de
554 2519 644 2592 hisce
660 2517 938 2589 suovitaurilibus
953 2517 1151 2592 ludentibus
1170 2521 1253 2594 esto.
1274 2524 1358 2593 Item
1378 2525 1458 2596 cul·

481 2651 541 2705 tro
562 2628 666 2701 facito
689 2627 835 2717 struem,
856 2629 895 2701 dr
910 2627 1031 2702 fertum
1046 2629 1098 2702 uti
1109 2630 1219 2706 afflet,
1229 2631 1311 2704 Inde
1328 2631 1457 2713 obmo-

431 2790 435 2798 =
481 2761 580 2816 veto.
594 2736 665 2812 Ubi
678 2746 823 2834 porcum
836 2736 1457 2837 immolabis,agnum,uitulumque,

480 2853 528 2939 fic
549 2867 697 2947 oportet.
709 2846 856 2943 Eiusque
879 2848 930 2920 rei
942 2873 1026 2946 ergo
1045 2849 1151 2920 made
1165 2846 1457 2953 hiscesuovitauq

476 2965 599 3037 rilibus
621 2957 838 3053 immolandis
857 2957 941 3032 esto'.
965 2959 1155 3053 Nominare
1170 2960 1263 3033 vetat
1283 2963 1459 3055 Martem,

480 3093 593 3164 neque
614 3094 758 3166 agnum,
774 3067 1004 3164 vitulumque.
1020 3062 1056 3141 si
1076 3070 1191 3143 minus
1211 3070 1248 3142 in
1267 3094 1387 3142 omnes
1407 3073 1454 3143 ti-

367 3168 370 3176 *
462 3179 582 3266 tabit,
597 3178 641 3251 fic
660 3179 766 3252 verba
786 3178 964 3272 concipito
978 3207 987 3250 ε
1002 3183 1094 3252 Mars
1116 3199 1230 3276 pater,
1248 3180 1368 3277 siquid
1390 3182 1453 3256 tibi

474 3287 516 3364 in
540 3288 644 3362 illisce
666 3288 944 3382 suovitaurilibus
959 3288 1180 3380 ludentibus,
1193 3316 1303 3388 neque
1320 3292 1451 3366 satisfa-

412 3495 416 3503 .
475 3397 568 3471 lium
588 3398 659 3486 est,
681 3417 714 3470 te
734 3397 823 3472 hisce
845 3397 1124 3472 suovitautilibus
1140 3403 1289 3496 piaculo.
1301 3403 1336 3473 Si
1357 3427 1450 3492 uno,

474 3508 653 3580 duobusve
674 3508 910 3598 dubitaverit,
932 3509 977 3580 stc
999 3508 1104 3580 verba
1129 3511 1334 3604 concipito:
1356 3515 1449 3585 Mars

304 3691 305 3694 ,
355 3645 387 3725 ,2
418 3716 424 3732 ι
459 3635 593 3714 pater,
609 3617 705 3712 quod
718 3615 779 3684 tibi
793 3600 876 3689 illtic
890 3640 1147 3715 porco,-neque
1164 3617 1365 3691 satisfattum
1381 3619 1450 3714 est,

474 3747 511 3799 te
534 3727 604 3797 hoc
624 3748 736 3819 porco
760 3725 910 3818 piaculo.

518 3834 655 3907 CXLll.
670 3831 775 3902 Vilici
784 3833 898 3924 officia
908 3859 984 3929 quae
996 3833 1086 3926 sunt,
1101 3862 1179 3934 quae
1192 3837 1353 3912 dominus
1366 3865 1447 3939 ptae·
1472 3882 1482 3935 1

277 4038 281 4045 Ι
351 3982 355 3988 ’
473 3948 587 4038 cepit,
603 3970 641 4018 eu
661 3944 777 4016 omnia
789 3999 799 4032 ,
811 3970 888 4041 quae
903 3945 938 4014 in
958 3946 1067 4021 fundo
1087 3947 1159 4020 fieti
1172 3950 1335 4042 oportet,
1352 3979 1465 4047 quar

463 4080 543 4160 ‘que
564 4060 631 4132 emi
650 4059 828 4160 pararique
847 4076 999 4156 oportet.
1025 4059 1276 4158 quomodoque
1301 4058 1446 4153 cibaria,
