3509 5084
405 552 482 635 160.
548 549 598 619 M.
624 521 901 618 tanturn
926 545 1218 618 vindonis

398 725 516 780 natura
541 705 693 794 discreti,
717 705 845 796 boves,
867 702 971 793 alini,
986 703 1075 802 equi.
1101 705 1198 778 tertia
1220 731 1300 801 pars
1320 707 1369 783 est

238 851 241 862 ,
274 892 278 901 ,
398 815 434 888 in
457 814 635 909 pecuaria,
650 839 727 910 quae
750 837 821 885 non
841 834 1002 909 paratur,
1023 835 1061 886 ut
1079 840 1121 885 ex
1142 813 1182 886 iis
1212 816 1368 911 capiatur

395 924 546 1011 stulius,
562 923 615 995 sed
637 939 778 1019 propter
789 946 862 993 eam
877 973 890 1010 ,
905 939 962 993 aut
973 947 1017 993 ex
1029 947 1066 993 ea
1085 922 1171 1009 tint,
1186 923 1286 1012 muli,
1307 951 1369 997 ca-

276 1118 279 1122 ,
397 1061 481 1126 neS,
500 1032 660 1131 pastores.
683 1035 812 1105 Harum
840 1058 1050 1129 unaquaque
1074 1033 1109 1105 in
1136 1030 1167 1105 se
1192 1037 1368 1130 generales

395 1163 510 1242 partes
525 1145 625 1216 habet
644 1166 825 1231 novenas,
844 1166 988 1239 quarum
1010 1142 1045 1213 in
1066 1168 1191 1238 pecore
1213 1150 1368 1239 parando

394 1253 586 1329 neceffariae
609 1271 779 1349 quatuor;
801 1252 913 1324 alterae
936 1253 972 1322 in
996 1253 1163 1349 pascendo
1188 1256 1368 1344 totidem;

394 1381 558 1459 praeterea
571 1357 762 1433 communis
778 1381 853 1432 tina.
865 1361 913 1429 lta
928 1356 1016 1430 fiunt
1035 1382 1153 1430 omnes
1171 1381 1281 1454 partes
1296 1362 1367 1435 mi-

396 1470 530 1542 nimum
557 1466 731 1564 odloginta
749 1468 787 1540 &
805 1490 896 1553 una,
920 1468 1118 1563 &quidem
1145 1472 1366 1563 neceffariae,²

395 1603 461 1651 nec
486 1603 612 1673 parvae.
628 1577 776 1648 Primum
798 1595 838 1648 ut
855 1576 985 1647 bonum
1002 1603 1096 1671 pares
1111 1604 1236 1674 pecus,
1255 1608 1364 1656 unum

396 1687 481 1761 scire
497 1694 666 1782 oportet,
688 1709 754 1781 qua
773 1701 870 1756 aetate
889 1709 1057 1780 quamque
1075 1689 1239 1779 pecudem
1264 1717 1364 1788 para·

276 1832 281 1847 ·
394 1822 456 1886 re,
476 1798 664 1894 habereque
688 1793 855 1891 expediat.
877 1797 993 1890 ltaque
1016 1795 1052 1867 in
1078 1798 1208 1899 bubulo
1234 1827 1362 1897 pecore

394 1908 538 1995 minoris
557 1906 667 1979 emitis
678 1904 870 1979 anniculam
883 1906 922 1978 δι
935 1905 1031 2002 supra
1046 1906 1160 1980 d'ecem
1174 1935 1363 2003 annorum,

394 2018 526 2113 quoda
544 2015 654 2104 bima,
673 2034 732 2088 aut
749 2014 847 2086 trima
864 2013 1008 2087 frullum
1031 2014 1118 2090 ferre
1140 2019 1287 2116 incipit,
1303 2047 1362 2096 ne·

393 2153 461 2224 que
480 2126 614 2224 longius
633 2125 708 2221 poll
732 2125 900 2199 decimum
922 2151 1049 2198 annum
1076 2129 1243 2222 procedit.
1271 2133 1358 2204 Nam

359 2261 366 2273 ·
393 2238 502 2334 prima
522 2258 601 2310 aetas
620 2235 731 2309 omnis
756 2235 913 2332 pecoris,
929 2238 967 2310 &
990 2256 1159 2331 extrema,
1176 2239 1309 2316 sterilis.
1331 2247 1359 2316 Ε

313 2365 315 2369 ·
394 2366 545 2446 quatuor
559 2349 660 2421 altera
680 2372 755 2443 pars
772 2349 818 2419 est
833 2345 987 2442 cognitio
1007 2345 1125 2418 formae
1146 2349 1359 2445 uniuscujus·
1394 2369 1403 2393 ⁸

394 2483 463 2554 que
483 2458 643 2554 pecudis,
659 2456 768 2554 qualis
793 2455 843 2526 stt.
863 2455 979 2552 Magni
999 2455 1090 2527 enim
1109 2457 1265 2549 interest,
1296 2489 1358 2536 cu·

392 2565 538 2660 jusmodi
559 2588 702 2660 quaeque
718 2565 777 2652 fit,
793 2564 834 2635 ad
851 2563 1008 2639 frufiutn.
1025 2569 1072 2637 Ita
1091 2568 1206 2661 potius
1225 2569 1357 2644 bovem

392 2678 509 2745 emunt
535 2672 697 2744 cornibus
718 2673 950 2768 nigrantibus,
970 2699 1071 2769 quam
1092 2675 1199 2749 albis:
1220 2703 1358 2774 capram

390 2781 556 2876 amplam,
571 2807 671 2879 quam
684 2807 844 2878 parvam:
866 2783 937 2854 sues
950 2807 1098 2879 procero
1110 2811 1276 2883 corpore,
1293 2815 1355 2863 ca·

390 2894 517 2992 pitibus
535 2914 572 2968 ut
590 2895 654 2967 sint
666 2894 792 2991 parvis.
811 2895 928 2967 Tertia
943 2920 1018 3018 pars
1040 2898 1085 2968 est
1095 2934 1106 2986 ,
1120 2923 1189 2994 quo
1210 2899 1275 2972 lint
1301 2902 1354 2975 se·

390 3003 499 3076 minio
515 3005 745 3100 quaerendum.
766 3005 845 3076 Hoc
867 3006 1008 3076 nomine
1029 3006 1120 3080 enim
1137 3008 1218 3079 asini
1246 3014 1355 3084 Arca·

337 3126 340 3133 '
389 3112 655 3186 diciinGraecia
672 3112 903 3201 nobilitati,
894 3141 929 3185 tn
955 3115 1046 3188 ltalia
1065 3119 1198 3190 Reatini
1214 3119 1353 3221 ,usque

390 3244 454 3309 eo,
470 3238 506 3289 ut
520 3244 593 3291 mea
612 3220 773 3291 memoria
784 3167 893 3292 annis
909 3223 1053 3295 venierit
1070 3223 1235 3297 sententiis
1254 3227 1354 3300 milli·

390 3330 453 3403 bus
474 3349 552 3418 LX,
565 3330 604 3404 δι
622 3355 699 3402 unte
712 3330 881 3427 quadrigae
892 3332 1014 3403 Roma:
1034 3332 1248 3407 constiterint
1270 3361 1355 3432 qua·

252 3494 255 3499 ,
374 3440 573 3540 ,dringentis
593 3441 761 3516 millibus.
770 3442 904 3534 Quarta
919 3468 994 3539 pars
1008 3444 1055 3517 est
1071 3428 1158 3542 [de
1150 3471 1223 3540 pure
1237 3447 1274 3517 in
1293 3473 1354 3543 pa·

387 3553 522 3626 cando:
537 3551 553 3652 ]
577 3553 861 3650 quemadmodum
888 3578 1059 3651 quamque
1089 3555 1255 3650 pecudem
1284 3557 1352 3630 emi

388 3683 548 3762 oporteat
565 3665 660 3738 civili
676 3664 757 3760 jure.
778 3668 888 3759 Quod
899 3667 989 3737 enim
1003 3667 1139 3745 alterius
1153 3665 1242 3757 fuit,
1256 3669 1292 3740 id
1315 3687 1353 3741 ut

388 3776 446 3851 fiat
461 3802 592 3864 meum,
604 3778 732 3851 necesse'
743 3777 790 3850 est
804 3778 932 3874 aliquid
945 3779 1162 3873 intercedere.
1179 3782 1301 3878 Neque
1315 3781 1352 3853 in

387 3886 639 3963 omnibus‘satis
658 3886 704 3960 ell
724 3886 919 3984 stipulatio,
938 3907 996 3960 aut
1016 3887 1142 3961 solutio
1164 3914 1353 3964 numorum

344 4044 345 4047 =
385 3997 429 4070 ad
441 3996 662 4074 mutationem
681 3995 825 4074 domini.
849 4001 889 4073 ln
910 3999 1062 4082 emtione
1079 3999 1160 4076 alias
1179 3998 1350 4100 stipulan·
1388 4018 1390 4022 “

539 4262 553 4294 Ι
