3509 5084
413 560 419 571 '
486 544 558 617 206
612 541 987 620 ,MTERENTH
1013 540 1311 613 VARRONIS

483 704 644 777 venimus
664 701 700 775 in
715 703 845 775 villam.
864 702 915 775 Ibi
927 700 1077 796 Appium
1096 701 1280 774 Claudium
1294 725 1472 797 augurem

484 812 657 888 sedentem
684 813 880 886 invenimus
907 812 944 884 in
968 810 1156 902 subselliis,
1179 835 1217 882 ut
1245 811 1417 898 consuli,
1441 812 1472 883 fi

484 925 569 1022 quid
591 924 669 998 usus
684 922 914 1021 poposciffet,
931 923 996 996 effe
1008 924 1144 1019 praesso.
1166 924 1307 995 sedebat
1322 925 1368 995 ad
1389 923 1472 994 fini·

484 1032 586 1104 stram
599 1033 632 1105 ei
650 1033 835 1107 Cornelius
847 1032 1001 1120 Merula,
1015 1032 1186 1105 consulari
1199 1033 1330 1104 familia
1346 1054 1469 1123 ortus,

484 1145 526 1217 &
549 1141 721 1214 Fircellius
736 1142 833 1215 Pavo
849 1141 1023 1213 Reatinus.
1050 1143 1092 1213 ad
1112 1144 1265 1213 dextram
1290 1142 1469 1214 Minurius

484 1253 586 1345 Pica,
602 1257 640 1328 dc
654 1255 704 1326 Μ.
715 1253 1029 1331 Petroniusd'affer.
1040 1254 1097 1326 -Ad
1112 1278 1213 1349 quem
1225 1278 1305 1325 cum
1322 1253 1468 1327 acceffi·

395 1432 405 1449 ,
484 1389 583 1454 mus,
599 1367 722 1438 Ast
737 1371 858 1438 Aemo
871 1363 1063 1452 subridens,
1076 1363 1213 1458 Recipis
1227 1387 1313 1449 nos,
1326 1364 1468 1462 inquit,

484 1474 523 1549 in
538 1494 636 1548 tuum
654 1476 862 1567 ornithone,
877 1476 938 1548 ubi
952 1475 1044 1548 sedes
1059 1475 1148 1546 inter
1161 1473 1269 1546 aves?
1286 1479 1372 1565 Ille,
1390 1479 1465 1572 Ego

485 1608 596 1674 vero,
615 1583 752 1681 inquit,
772 1602 806 1656 te
827 1582 1038 1680 praesertim,
1058 1582 1154 1676 cujus
1173 1593 1255 1654 aves
1276 1583 1466 1680 hospitales

486 1694 587 1766 eriam
604 1719 696 1768 nunc
710 1696 847 1781 tueor,
861 1718 944 1791 quas
958 1693 1042 1766 mihi
1056 1691 1238 1789 apposuisti
1252 1695 1375 1787 paucis
1390 1714 1467 1767 ante

486 1803 608 1875 diebus
626 1801 663 1873 in
686 1803 769 1876 villa
788 1805 931 1877 Reatina
944 1805 987 1875 ad
1010 1803 1120 1877 lacum
1144 1803 1285 1888 Velini,
1299 1806 1402 1877 eunti
1426 1807 1466 1899 de

487 1908 734 1986 controverfiis
765 1913 1041 1986 Interamnatium
1070 1915 1107 1987 &
1134 1911 1378 1985 Reatinorum.
1402 1915 1464 1986 Sed

487 2022 665 2110 nouhaec,
679 2020 814 2119 inquit,
829 2022 934 2110 villa,
948 2047 1150 2120 quamquam
1161 2019 1381 2096 aedificarunt
1395 2049 1465 2095 ma-

487 2133 581 2232 jores
602 2134 730 2225 nostri,
744 2133 911 2232 frugalior
931 2158 970 2210 ac
985 2133 1109 2205 melior
1126 2133 1173 2205 est
1186 2121 1203 2222 ,⁸
1215 2157 1320 2229 quam
1337 2153 1400 2206 tua
1413 2135 1467 2207 illa

408 2292 412 2301 ·
488 2243 662 2342 perpolita
683 2243 720 2316 in
742 2243 901 2316 Reatino.
929 2242 1093 2340 Nuncubi
1116 2241 1172 2313 hic
1192 2239 1292 2314 vides
1311 2239 1466 2334 citrum,

489 2371 548 2425 aut
575 2351 723 2429 aurum?
747 2378 829 2424 num
853 2350 1025 2439 minium,
1046 2366 1103 2420 aut
1129 2347 1365 2423 Armenium?
1379 2377 1466 2423 vnum

489 2461 586 2559 quod
606 2459 773 2533 emblema
793 2479 851 2532 aut
870 2457 1134 2531 lithostrotum?
1157 2483 1233 2555 quae
1253 2457 1329 2532 illic
1354 2461 1466 2532 omnia

489 2589 623 2651 contra.
644 2572 778 2641 Etcum
796 2571 872 2641 haec
892 2569 931 2639 fit
949 2566 1143 2642 communis
1156 2569 1307 2642 universi
1324 2573 1467 2669 populi,

489 2677 549 2750 illa
574 2678 678 2750 solius
691 2695 760 2751 tua.
780 2678 853 2751 haec
873 2704 945 2775 quo
960 2679 1142 2752 succedant
1161 2705 1180 2752 e
1204 2706 1333 2777 campo
1346 2684 1467 2777 cives,

489 2793 531 2891 dc
553 2789 678 2888 reliqui
694 2793 838 2880 omnes',
853 2789 910 2863 illa
924 2791 995 2887 quo
1010 2817 1108 2888 equae
1126 2794 1165 2865 δι
1181 2791 1285 2866 afini:
1302 2814 1468 2889 praeterea

489 2928 570 2976 cum
584 2903 626 2975 ad
639 2903 883 2999 rempublicam
899 2901 1196 2976 administrandam
1211 2907 1285 2979 haec
1298 2908 1342 2979 fit
1355 2910 1466 3002 utilis,

489 3013 551 3085 ubi
572 3012 733 3085 cohortes
758 3013 800 3084 ad
824 3012 990 3084 deledlum
1011 3010 1143 3086 consuli
1170 3015 1324 3086 adduclae
1354 3020 1468 3092 consr-

489 3122 593 3210 dant,
615 3121 674 3193 ubi
693 3147 784 3195 arma
801 3121 1000 3210 ostendant,
1016 3122 1075 3193 ubi
1096 3122 1254 3196 censores
1277 3127 1386 3199 censu
1412 3129 1489 3211 ad„

492 3233 630 3306 mittant
651 3233 828 3329 populum.
842 3233 938 3321 Tua,
951 3238 1076 3330 inquit,
1090 3234 1162 3307 haec
1176 3234 1212 3306 in
1230 3261 1357 3333 campo
1377 3243 1468 3312 Mar·

491 3345 545 3418 tio
578 3362 735 3418 extremo
761 3344 878 3434 utilis,
901 3335 940 3420 δι
966 3371 1037 3417 non
1068 3347 1198 3419 deliciis
1234 3347 1467 3442 sumtuofior‚

345 3532 351 3543 Ι
493 3481 595 3555 quam
622 3480 741 3528 omnes
758 3456 912 3529 omnium
937 3457 1118 3530 Reatina?
1139 3483 1216 3528 cum
1233 3460 1272 3531 δι
1294 3460 1412 3532 oblita
1424 3480 1468 3545 taff

493 3565 582 3640 bulis
601 3567 647 3637 est
667 3567 778 3661 pillis,
796 3589 858 3638 nec
879 3565 993 3638 minus
1011 3566 1110 3663 signis
1139 3558 1269 3646 ornati.
1291 3573 1342 3640 At
1369 3597 1467 3660 mea,

494 3676 674 3774 vestigium
701 3677 760 3747 ubi
783 3675 822 3748 srt
844 3676 1163 3776 nullumfflyssppi,
1189 3696 1245 3748 aut
1271 3679 1467 3775 Antiphili,

495 3788 551 3860 sed
572 3789 689 3860 crebra
705 3787 823 3860 satoris
838 3790 875 3861 &
894 3788 1047 3885 pastoris
1069 3793 1206 3862 Etcum
1227 3789 1316 3862 villa
1340 3819 1419 3866 non
1432 3793 1477 3865 lit,

494 3901 565 3969 sme
587 3896 695 3971 fundo
719 3923 868 3994 magno,
892 3903 993 3971 &eo
1020 3899 1131 3995 polito
1153 3896 1305 3988 cultura,
1327 3919 1390 3975 tua
1412 3904 1467 3975 ista

497 4032 605 4107 neque
618 4035 734 4110 agrum
756 4009 857 4083 habet
872 4009 999 4102 ullum,
1012 4035 1074 4085 nec
1088 4009 1238 4105 bovem,
1254 4033 1322 4087 nec
1335 4037 1468 4113 equam.
