3509 5084
468 536 512 611 28
611 541 660 610 M.
710 536 1056 609 PORCIUS
1106 539 1336 613 CATO-

466 720 566 767 neum
585 693 644 767 suo
662 694 786 791 cuique
801 694 898 769 dubio
919 693 1082 782 dividito,
1097 696 1280 794 additoque
1293 697 1428 794 pariter.'

513 804 642 874 XXIV
667 802 793 874 Vinum
807 802 968 875 Graecum
984 802 1053 875 hoc
1068 802 1174 874 modo
1194 803 1266 876 fieri
1279 825 1430 901 oportet.

464 915 560 985 Uvas
574 910 712 1011 Apicias
733 912 906 1007 percocias
929 911 1014 984 bene
1035 911 1150 1010 legito.
1171 913 1229 986 ubi
1245 914 1430 1013 delegetis,

431 1067 432 1072 ,
465 1021 501 1093 in
515 1019 587 1116 ejus
599 1020 695 1093 musti
710 1020 855 1093 culleum
870 1044 965 1115 aquae
979 1019 1116 1091 matinae
1128 1021 1249 1094 veteris
1264 1023 1432 1116 quadran·
1490 1018 1494 1023 ’

453 1128 544 1201 naha
561 1149 602 1202 11
617 1129 672 1203 vel
690 1128 763 1206 salis
777 1152 853 1229 pun
843 1127 1039 1202 modium.
1060 1127 1175 1199 Eum
1166 1153 1201 1199 ιιι
1218 1126 1339 1202 fiscella
1362 1126 1434 1205 sus·¹
1447 1146 1453 1160 ·
1497 1204 1504 1220 ⁸

467 1241 633 1338 pendito,
654 1239 823 1336 finitoque
847 1265 925 1313 cum
947 1239 1056 1310 musto
1080 1236 1281 1312 distabescat
1301 1237 1337 1311 Si
1357 1236 1435 1309 hel·

467 1349 610 1421 veolutn
636 1348 757 1420 vinum
778 1345 890 1419 facere
911 1344 1030 1431 voles,
1050 1342 1227 1416 dimidium
1255 1343 1435 1431 helveoli,

468 1459 646 1531 dimidium
669 1456 771 1552 apicii
786 1455 861 1526 vini
879 1454 988 1527 indito
999 1442 1146 1541 ,defruti
1164 1455 1290 1526 veteris
1305 1472 1436 1548 partem

470 1569 669 1641 tricesimam
690 1565 818 1638 addito.
842 1562 1020 1661 Quidquid
1035 1561 1110 1634 vini
1127 1561 1341 1651 defrudabis,
1356 1586 1438 1659 pars

469 1692 537 1747 tem
558 1674 758 1747 tricesimam
780 1672 903 1745 defruti
922 1672 1050 1745 addito.

517 1784 632 1854 XXV.
647 1783 735 1855 Cum
753 1768 873 1854 vitium
889 1781 1024 1854 coetum
1040 1777 1126 1867 erit,
1141 1781 1267 1855 &cum
1284 1777 1443 1877 legetur,

470 1892 576 1966 facito
597 1890 646 1962 uti
662 1892 815 1963 servetur
829 1888 973 1963 familia·
983 1886 1128 1985 primum
1143 1888 1297 1986 suisque,
1312 1890 1441 1963 facito·

401 1979 412 2009 ‘
471 2026 538 2099 que
556 2000 687 2072 studeas
708 1999 794 2071 bene
811 2000 1009 2096 petentium
1030 1996 1222 2124 fictumque
1243 2001 1371 2098 legere,
1395 2024 1442 2072 ne

469 2109 592 2181 vinum
616 2132 743 2199 nomen
765 2109 893 2204 perdat.
916 2108 1089 2181 Vinaceos
1110 2090 1263 2204 quotidie
1287 2128 1442 2182 recentes

339 2235 342 2245 ·
439 2289 441 2294 ,
466 2217 683 2307 tuccetum,
697 2218 786 2290 leiio
801 2218 930 2291 retibus
945 2216 1104 2289 subtento
1120 2217 1269 2290 cribrum
1286 2216 1376 2291 illius
1390 2218 1442 2291 te'i

473 2349 610 2428 parato,
624 2353 684 2401 eos
708 2330 948 2403 conculcato
940 2356 975 2400 ιιι
997 2329 1246 2425 dolia-picata,
1261 2328 1345 2403 vel
1337 2356 1371 2400 ιιι
1389 2328 1443 2419 laf-

473 2466 553 2513 cum
579 2439 749 2511 vinarium
775 2438 936 2533 picatum.
965 2430 1011 2510 id¹
1027 2438 1113 2531 bene
1136 2438 1296 2533 operit0,
1310 2435 1444 2532 'jubeto
1465 2516 1469 2523 ,

472 2547 595 2633 obtini,
610 2540 706 2642 quod
720 2547 778 2620 des
791 2548 900 2620 bubus
913 2573 973 2645 per
988 2547 1146 2619 hiemem.
1159 2547 1357 2637 indidem‚fi
1375 2571 1443 2619 vo·

473 2652 544 2740 les,
557 2653 679 2726 lavito.
694 2655 853 2748 paulatim
872 2656 936 2727 erit
950 2654 1194 2733 lorea-familiae
1207 2659 1321 2754 ,quod
1337 2656 1443 2736 bibat

522 2763 654 2851 XXVI.
676 2763 857 2836 Vindemia
874 2764 980 2854 sacia,
996 2765 1075 2837 vasa
1088 2766 1245 2857 toccula
1263 2767 1447 2851 corbulus,

473 2869 624 2960 fiscinas,
645 2870 761 2960 funes,
783 2871 954 2968 patibula,
959 2871 1087 2945 fibulas
1111 2872 1234 2966 jubeto
1256 2872 1316 2946 suo
1341 2873 1448 2989 quid·

473 2976 556 3093 quid
571 2979 652 3052 loco
667 2979 781 3053 condi.
796 2977 904 3053 Dolia
919 3004 997 3054 cum
1011 2979 1098 3053 vino
1114 2980 1187 3053 bis
1178 3006 1214 3052 tn
1234 2978 1288 3054 die
1301 2966 1405 3055 face
1387 3004 1448 3053 eu·

476 3089 680 3181 tergeantur.
700 3060 883 3185 Privasque
905 3085 1095 3182 scopulus
1086 3114 1122 3159 ιιι
1143 3088 1236 3160 dolia
1257 3086 1365 3161 facito
1383 3084 1448 3167 ha·
1499 3117 1502 3123 ·

477 3195 556 3269 beas
574 3196 623 3268 iili
641 3197 690 3270 rei
701 3197 787 3295 ,qui
808 3198 901 3269 iabra
915 3198 1089 3272 doliorum
1114 3197 1353 3273 circumstices.
1376 3178 1449 3272 Ubi

478 3302 543 3380 erit¹
566 3304 687 3381 leiium
707 3309 777 3381 dies
802 3308 967 3408 triginta,
959 3310 1013 3381 fi
1038 3310 1124 3382 bene
1149 3309 1325 3384 deacinata
1349 3327 1452 3383 erunt

479 3413 588 3503 dolia,
607 3416 766 3492 oblinito.
789 3416 824 3489 si
848 3417 948 3491 voles
973 3419 1014 3491 de
1040 3417 1125 3492 faece
1148 3419 1340 3493 demere
1305 3444 1450 3501 vinum,

478 3542 551 3598 tum
571 3523 635 3596 erit
648 3526 679 3597 ei
702 3527 750 3598 rei
765 3527 935 3624 optimum
951 3547 1110 3624 tempus.

531 3635 676 3709 xxvtl.
693 3638 1015 3728 Sementimfacito‚
1028 3637 1203 3741 ocimum,
1212 3636 1361 3722 viciam,
1378 3633 1452 3707 foe·

408 3789 414 3797 ·
483 3773 565 3821 num
578 3748 757 3835 Gnaeum,
770 3732 901 3835 fabam
914 3772 1034 3821 ervum
1044 3692 1229 3846 ,pabulum
1245 3747 1364 3819 bubus.
1387 3745 1453 3817 nl-

483 3875 611 3947 teram,
624 3859 663 3931 &
686 3855 817 3929 tertiam
842 3856 956 3952 pabuli
983 3857 1146 3932 sationem
1174 3856 1288 3930 facito.
1312 3854 1452 3930 Deinde

362 3983 394 4015 -·
482 3967 563 4041 alias
581 3911 697 4068 finges
712 3964 828 4041 serito.
843 3965 999 4042 Scrobis
991 3993 1027 4044 m
1041 3967 1201 4067 vernabiu
1216 3958 1324 4056 oleis,
1338 3962 1453 4053 ulmis,
