3509 5084
392 602 479 657 xxx
568 579 642 649 JO.
673 576 893 647 MATTH.
916 576 1172 646 GESNERI

392 736 572 836 nqtralem,
602 733 697 832 quod
728 734 866 831 putabat
904 720 1169 830 Chrislophorus
1201 736 1349 837 Mylaeus

370 841 477 943 *apud
494 840 654 915 Scheffer.
672 842 716 915 de
728 868 765 915 te
780 840 893 915 vehic.
908 866 944 928 2,
956 843 993 929 6,
1009 865 1043 937 p.
1065 845 1143 917 116.
1160 845 1226 917 Sed
1242 871 1351 946 neque

388 950 552 1027 Hadriani
564 966 721 1046 tempore
733 948 850 1026 vixisse
866 947 994 1045 potest,
1008 950 1068 1047 qui
1080 951 1262 1047 Apuleium
1275 958 1351 1030 lau·

386 1064 463 1153 det,
476 1086 548 1159 quo
566 1082 770 1159 argumento
786 1063 892 1136 utitur
915 1059 1076 1135 adversus
1094 1063 1264 1138 Ludovic.
1284 1068 1350 1140 Vi·

387 1173 584 1272 veneasp.
597 1174 753 1250 Baitlrius
768 1174 807 1247 ad
822 1167 940 1242 Rutilii
957 1168 1107 1245 itinerar.
1129 1199 1161 1261 1,
1181 1197 1263 1270 207.
1280 1177 1350 1248 Ne·

387 1309 457 1386 que
476 1285 608 1378 adhuc,
628 1287 686 1382 qui
704 1280 851 1355 nostrum
872 1276 1079 1367 laudaverit,
1099 1283 1275 1380 antiquior
1292 1286 1349 1358 ina

387 1416 514 1473 ventus
526 1398 630 1493 eredo
640 1392 687 1464 ell
698 1386 925 1487 cassiodoro,
935 1386 996 1485 qui
1010 1387 1118 1464 divin.
1133 1391 1266 1469 ledric.
1284 1393 1350 1486 28,

389 1515 607 1594 AEmiliantts,
626 1498 759 1598 inquit,
778 1507 971 1593 explanator
988 1506 1148 1576 duodecim
1165 1501 1181 1552 ⁸
1198 1508 1293 1578 libros
1313 1513 1350 1579 de
1376 1557 1382 1570 ·

387 1622 487 1691 hortis
504 1622 556 1690 vel
572 1615 730 1709 pecoribus
753 1614 886 1706 aliisqttt
902 1604 1006 1684 rebus'
1015 1616 1200 1712 planiffima
1222 1618 1350 1690 lucida.

386 1729 470 1796 tione
495 1721 654 1823 Metuit:
685 1721 775 1793 unde
809 1721 986 1817 probabile
1018 1723 1078 1815 fit,
1102 1726 1204 1800 etiam
1231 1727 1349 1800 lstdori

386 1830 603 1917 AEmilianum
613 1829 657 1902 ad
669 1828 821 1901 nostrum
833 1829 896 1902 esse
906 1829 1349 1931 referendum,quamquam

385 1940 638 2039 corruptiilime
649 1939 697 2013 ita
713 1940 867 2017 laudatur
882 1966 945 2035 17,
962 1969 976 2014 1
992 1968 1002 2013 τ
1023 1947 1185 2017 Cornelius
1199 1941 1350 2038 Celsus&
1418 1970 1421 1979 ·

384 2056 492 2127 Julius
502 2054 630 2125 Atticus
643 2052 907 2153 Emiliattussrve
923 2059 1111 2145 Columeda',
1128 2054 1260 2154 infignit
1276 2081 1350 2124 ora-

385 2186 434 2233 tot
454 2161 593 2259 (arator
613 2158 708 2234 Balil.
738 2159 858 2262 1489)
878 2167 932 2258 qui
953 2187 1051 2237 totum
1083 2191 1191 2258 corpus
1214 2163 1349 2255 eiusdem
1405 2242 1413 2263 ἱ

386 2268 556 2367 disciplina
578 2274 756 2366 complexus
779 2272 827 2373 cst.
852 2270 983 2360 Nobis,
1005 2269 1188 2345 diffionem
1212 2267 1350 2363 praeser·

387 2379 452 2453 tint
469 2382 509 2456 δι
525 2380 670 2455 deletum
688 2401 796 2474 prope
808 2379 1003 2451 Romanum
1020 2377 1176 2475 genium,
1189 2380 1350 2449 titulorum

387 2491 470 2563 itent'
480 2488 693 2577 divisionem,
701 2484 873 2584 ipsamque
884 2484 1146 2581 appellationem
1157 2484 1256 2566 adeo,
1266 2502 1350 2556 con·

386 2594 619 2686 siderantibus‚
630 2613 729 2668 tanto
742 2595 853 2669 minus
865 2593 938 2668 falli
947 2593 1066 2692 aliquis
1079 2592 1229 2684 videtur,
1241 2616 1350 2689 quan-

386 2696 426 2781 to
439 2705 663 2783 recentiorem
677 2705 806 2781 fecerit.
818 2709 935 2803 ltaque
948 2704 1172 2808 probabilem,
1181 2706 1262 2778 dum
1277 2728 1348 2779 cet·

386 2814 453 2890 tius
470 2814 554 2915 quid
571 2814 784 2911 proferatur,
797 2812 985 2910 judicamus
1002 2814 1199 2890 sententiam
1211 2812 1350 2902 Barthii'‚

386 2926 447 3024 qui
464 2922 660 3022 suspicatur,
675 2922 857 2999 Palladium
871 2925 992 3001 Rutilii
1011 2924 1125 2999 itiner.
1149 2952 1182 3015 1,
1196 2924 1265 3011 208
1284 2923 1349 2996 elle

387 3035 559 3122 nostrum,
571 3035 669 3130 quod
685 3052 757 3107 tum
775 3059 959 3109 commune
978 3059 1105 3109 nomen
1122 3034 1263 3124 Rutilii,
1277 3053 1349 3107 tum
1380 3046 1383 3052 '

386 3138 451 3220 'alia
466 3142 515 3216 ibi
528 3164 797 3219 commemorata
806 3146 963 3220 suadent:
975 3147 1065 3220 unde
1078 3169 1141 3219 nee
1150 3147 1252 3218 Petro
1265 3148 1350 3217 Bur·

385 3276 512 3329 manno
532 3275 628 3330 extra
645 3255 720 3332 veri
739 3257 885 3356 speciem
907 3257 967 3332 ista
986 3255 1180 3352 conjectura
1203 3255 1350 3331 videtur.

384 3362 442 3437 De
456 3361 572 3439 fundis
588 3363 656 3438 suis
665 3365 702 3438 in
712 3367 863 3441 Sardinia
877 3366 948 3464 ipse
962 3371 1064 3440 Mart.
1078 3388 1138 3456 ro,
1158 3366 1211 3440 16.
1226 3369 1349 3439 Utrum

384 3496 470 3549 tero
494 3479 750 3573 Neapolitanum
773 3482 980 3569 territorium,
1004 3477 1100 3572 cujus
1124 3475 1173 3549 ibi
1201 3477 1349 3549 mentio·
1449 3486 1455 3500 “

385 3606 464 3656 nem
484 3581 583 3674 facit,
600 3585 636 3657 iu
655 3586 725 3682 ipsa
743 3587 973 3675 Sardiniasit,
992 3587 1089 3684 quod
1112 3586 1213 3660 nobis
1229 3583 1348 3655 audo·

385 3695 466 3770 ritas
479 3694 659 3795 prasertim
668 3698 761 3771 MSS.
774 3696 945 3795 persuafit,
959 3723 1003 3771 an
1015 3696 1177 3772 famosior
1188 3694 1245 3766 illa
1259 3696 1292 3765 N
1294 3719 1348 3766 ea·

427 3883 455 3947 8.
477 3885 609 3949 Debebnt
632 3902 728 3962 xm,
752 3886 839 3948 etlam
889 3887 986 3962 doto,
1011 3904 1068 3953 ΧΗ
1099 3883 1209 3948 menses
1232 3894 1344 3946 tantum

387 3984 447 4027 non
464 3982 633 4047 computato
648 3971 684 4028 de
701 3967 840 4029 infitioni·
890 3968 1162 4046 cogitallevidetur,
1174 3969 1204 4027 in
1215 3986 1287 4046 quos
1300 3967 1348 4027 de-

388 4046 442 4109 bus
456 4053 590 4114 carmine.
604 4049 634 4115 Si
649 4048 688 4112 est
698 4068 718 4143 a
729 4048 838 4113 Gaffio-
888 4048 997 4130 scripsit
1009 4068 1081 4128 opus
1100 4048 1182 4111 suum
1193 4048 1346 4113 Palladius.
