3509 5084
393 566 473 663 xm
589 591 663 661 Jo.
685 588 909 661 aaran.
936 590 1195 675 casiani

392 750 452 847 qui
475 738 591 836 uolet,
611 749 708 821 Varr.
731 775 768 849 2,
785 775 828 840 4,
852 771 908 824 ιο.
929 775 971 839 2,
997 720 1062 838 tr,l
1078 773 1108 825 ι.
1131 777 1165 848 3,
1187 774 1221 850 5,
1250 782 1293 847 ¹4
1316 752 1352 831 in

392 860 546 944 παναὶἱας
567 857 604 930 it.
622 880 658 953 3,
680 881 752 954 5,4
770 861 804 930 ira
818 859 854 930 id
870 860 1001 945 zadram
1026 884 1060 956 3,
1082 883 1137 947 12,
1154 885 1178 950 4
1200 891 1300 936 mares
1316 870 1355 937 in

344 980 351 995 “
385 964 537 1056 soniam.
559 966 647 1039 Nam
665 968 764 1064 quod
782 971 880 1040 Varr.
902 994 935 1065 3,
955 992 989 1065 9,
1013 967 1055 1039 18
1079 966 1122 1039 ad
1142 991 1196 1041 eas
1216 968 1355 1044 videtur

289 1130 298 1151 .
330 1064 334 1070 ’
390 1073 553 1170 respicere
559 1072 670 1164 ,illud
686 1099 731 1148 err
753 1074 948 1171 conjeuura
967 1071 1076 1147 facere
1102 1074 1228 1170 potuit.
1239 1094 1354 1151 tamen

392 1183 434 1255 ad
454 1185 498 1257 V.
528 1209 560 1273 1,
584 1210 644 1284 19,
667 1211 692 1280 4
713 1186 865 1259 Veneriis
884 1182 1027 1257 excusos
1047 1183 1154 1259 libros
1177 1206 1353 1260 memorat.
1390 1215 1392 1220 ·

394 1296 439 1367 Et
457 1294 557 1390 plane
576 1295 647 1369 abit
670 1321 689 1368 a
707 1291 864 1365 Politiani
890 1291 1189 1366 observationibus
1212 1296 1254 1367 ad
1276 1297 1355 1371 Cat.

394 1428 458 1505 95,
471 1432 505 1504 3,
516 1401 829 1500 ncrscebimitemque
838 1400 881 1474 ad
891 1402 965 1476 Cat.
985 1408 1354 1502 rt,1,dodiaubiquia·

395 1544 462 1610 qua
490 1508 610 1585 Salius
632 1528 721 1584 certe
744 1512 834 1606 apud
856 1535 911 1585 me
935 1513 1081 1587 Viaorii
1104 1516 1217 1610 pudor
1241 1515 1355 1604 est,fi

395 1622 496 1694 etiam
513 1619 677 1693 rationem
696 1617 786 1692 sorte
804 1618 962 1693 omnium
978 1623 1117 1696 reddere
1133 1647 1205 1695 non
1224 1623 1355 1721 poffim.

322 1815 327 1826 Ι
394 1731 553 1804 Ceterum
584 1725 841 1826 castigationum
867 1730 1129 1827 explicationem
1156 1735 1226 1809 sive
1256 1755 1355 1806 notas

395 1836 518 1934 optimi
536 1837 603 1939 ¹viri
621 1839 774 1913 dedimus
791 1843 1047 1938 comparatione
1059 1842 1356 1917 editionum-insli-

395 1964 467 2018 tuta
481 1947 662 2042 pleniores.
678 1947 734 2021 sed
754 1975 831 2025 cum
851 1976 923 2026 non
941 1950 1069 2050 semper
1088 1956 1131 2028 ad
1147 1977 1263 2027 manus
1281 1953 1357 2057 sue·

396 2061 482 2142 rint,
501 2059 581 2133 hinc
596 2058 720 2133 fasiona
742 2059 809 2150 est,
830 2078 867 2134 ut
884 2062 1016 2160 aliquot
1035 2088 1148 2136 earum
1166 2064 1201 2135 in
1221 2065 1357 2137 Adden-

396 2169 437 2242 da
456 2167 679 2263 conjicienda
692 2167 838 2260 suerint,
851 2173 1004 2269 inprimis
1016 2172 1074 2247 illa
1091 2174 1217 2251 nobilis
1231 2175 1272 2246 de
1288 2199 1358 2256 vo·

397 2303 437 2354 cc
449 2285 649 2378 quandoque:
658 2304 758 2379 quem
772 2308 924 2358 errorem
939 2282 1041 2356 nobis
1052 2310 1071 2358 a
1084 2283 1247 2361 benevoli
1253 2284 1358 2358 1euo-
1448 2270 1450 2278 ¹

398 2391 444 2467 ris
457 2391 617 2465 facilitate
629 2386 817 2485 copdonari
832 2387 988 2483 petimus.

446 2490 700 2573 XVLAlterut'n
713 2495 751 2569 in
763 2494 855 2569 ltalia
869 2493 1058 2590 praesidium
1078 2492 1240 2568 invenere
1258 2494 1359 2568 rulli-

398 2605 432 2682 ci
449 2604 556 2678 nostri
577 2605 729 2702 ple'rique
749 2607 931 2676 Funvtmn
952 2606 1159 2697 URstuuM,
1179 2628 1278 2700 quem
1288 2607 1359 2704 flo-
1387 2676 1395 2683 ,
1457 2688 1461 2699 ¹

399 2732 460 2776 ram
482 2708 584 2779 Italia
593 2705 663 2796 sua
691 2727 781 2776 extra
800 2697 1029 2796 conuuverfiam
1046 2700 1289 2796 pronuntiabat
1303 2702 1360 2775 Li·

399 2812 488 2910 pfius
513 2815 616 2889 Elea.
641 2841 679 2905 r,
697 2840 730 2910 p.
752 2815 834 2910 609.
848 2810 1003 2885 'Fulvius
1023 2808 1125 2907 igitur
1143 2811 1302 2898 Urfinus,
1321 2827 1360 2884 ut

399 2947 472 2995 rem
497 2949 541 2997 ex
566 2923 666 3022 ipsius
685 2921 884 3022 praefatione
902 2919 1005 3017 paulo
1025 2939 1213 3016 repetamus
1233 2921 1360 3011 altius,

397 3059 479 3108 cum
499 3038 584 3108 Par.
604 3032 812 3109 Cincooruo
833 3031 984 3128 Hispano
1007 3031 1129 3104 Roma
1153 3030 1360 3104 familiariter

402 3141 560 3228 vivebat,
574 3144 668 3238 quod
679 3143 782 3215 ambo
795 3139 998 3213 essentinter
1011 3139 1159 3214 deleuos
1171 3140 1285 3229 viros,
1300 3129 1363 3238 qui*
1386 3227 1389 3233 ¹
1430 3166 1434 3173 ¹

401 3246 576 3323 Pontificio
601 3247 687 3342 iussu
712 3249 814 3324 biblia
830 3251 953 3323 Graeca
976 3237 1194 3346 expolirem,
1216 3249 1292 3344 post
1312 3249 1361 3321 se·

402 3356 552 3431 veriores
573 3380 684 3432 autent
705 3359 779 3433 illas
799 3360 840 3432 de
857 3356 1009 3431 obscuris
1025 3359 1059 3431 S.
1078 3358 1257 3455 Scriptura
1276 3358 1363 3434 locis

336 3498 339 3503 ·
403 3460 532 3542 habitas
551 3469 813 3565 disputationes,
832 3466 984 3540 solebant
1005 3466 1042 3541 bi
1063 3467 1132 3540 duo
1157 3467 1305 3566 aliquem
1319 3489 1362 3537 err

292 3658 298 3675 ι
369 3568 375 3578 ’
403 3575 578 3652 nobilibus
598 3577 726 3657 Latinis
744 3574 963 3672 scriptoribus
982 3575 1238 3670 perpoliendum
1260 3571 1362 3645 susci·

404 3715 495 3786 pere.
518 3695 559 3761 In
574 3717 634 3784 quo
651 3690 773 3785 quidem
790 3715 914 3785 genere,
930 3684 1060 3780 inquit,
1071 3684 1279 3779 scriptionis,
1292 3710 1360 3781 cum

405 3807 505 3875 multa
520 3830 561 3883 aar
577 3804 633 3873 illo
653 3797 810 3896 congraffir
825 3822 945 3890 uterque
965 3797 1101 3896 noflrrim
1120 3800 1164 3865 ad
1173 3819 1362 3864 communem

406 3911 572 3981 utilitatem
593 3909 770 3994 contulerit,
791 3929 856 3977 nrm
871 3907 1018 3998 precipua
1038 3907 1076 3993 in
1097 3905 1147 3972 M.
1170 3905 1310 3969 Varrone
1328 3903 1364 3968 de

409 4045 438 4090 rr
453 4018 580 4119 rustica,
586 4019 657 4120 prfi
670 4018 802 4089 aliorum
814 4016 848 4085 in
864 4041 932 4086 tum
944 4015 1042 4093 editas
1056 4010 1281 4082 hrcubrarionrs
1292 4030 1362 4098 per·
