3509 5084
574 536 796 690 Duae
845 578 1203 655 aosr1cn.
1337 611 1378 683 31

416 743 532 814 simam
557 740 693 814 vineam
720 739 851 833 facito,
876 740 1082 839 alligatoque
1107 744 1213 829 recle,
1238 746 1316 817 dum
1341 774 1383 829 ne
1461 824 1464 829 ,

416 848 559 924 nimium
575 848 794 948 constringas.
810 836 889 923 Hbc
904 851 1011 924 modo
1025 876 1097 924 eam
1113 853 1384 961 curato.4Capita

416 958 541 1031 vitium
558 984 618 1053 per
638 958 814 1030 sementim
836 960 1050 1056 ablaqueato.
1074 961 1219 1034 Vineam
1234 978 1395 1059 putarant

416 1066 672 1143 circumfodito.
692 1096 783 1143 arare
802 1070 971 1167 incipito,
985 1071 1077 1143 ultro
1100 1072 1257 1169 citroque
1270 1073 1383 1149 sulcos

416 1199 601 1274 perpetuos
615 1179 745 1253 ducito.
763 1178 859 1252 Vites
878 1199 1008 1252 teneras
1029 1180 1277 1276 quamprimum
1298 1208 1383 1278 pro·

415 1309 565 1385 pagato,
582 1287 626 1361 sic
647 1306 770 1361 occaro
785 1308 941 1376 veteres,
953 1314 1053 1385 quam
1069 1289 1246 1363 minimum
1260 1291 1383 1365 castra·
1455 1288 1458 1299 '

415 1413 478 1481 τος
496 1397 671 1492 potius,s1
691 1421 781 1493 opus
801 1396 885 1476 erit,
906 1397 1070 1492 dejicito,
1085 1389 1294 1496 biennioque
1309 1403 1385 1501 post

416 1507 609 1601 praecidiro.
630 1506 744 1579 Vitem
767 1506 940 1579 novellam
955 1507 1096 1582 resecari
1117 1514 1189 1583 tum
1207 1511 1270 1583 erit
1293 1529 1383 1584 tem-

414 1645 500 1717 pus,
516 1617 574 1690 ubi
596 1615 733 1690 valebit.
754 1615 788 1688 Si
804 1616 938 1687 vineaa
960 1616 1031 1689 vite
1048 1615 1145 1690 calva
1164 1617 1249 1707 erit,
1271 1618 1383 1692 sulcos
1425 1705 1427 1715 Ι
1483 1670 1485 1675 -

415 1727 648 1827 interponito,
663 1727 779 1824 ibique
795 1727 1019 1803 viviradicem
1035 1726 1153 1820 serito,
1167 1730 1321 1802 umbram
1340 1733 1384 1803 ab

415 1818 522 1914 sulcis
533 1856 713 1912 removeto
736 1841 924 1936 crebroque
948 1840 1076 1912 fodito.
1096 1847 1132 1912 ln
1153 1840 1251 1916 vinea
1265 1859 1382 1918 vetere

415 1950 519 2025 serito
535 1950 696 2024 ocimum.
716 1951 750 2023 Si
776 1976 885 2024 macra
902 1951 986 2040 erit,
1006 1953 1100 2048 quod
1121 1978 1258 2050 granum
1272 1954 1383 2051 capiat

415 2085 459 2133 ne
480 2059 655 2147 serito,-&
678 2061 806 2135 circum
821 2061 932 2156 capita
949 2062 1065 2133 addito
1082 2062 1226 2152 stercus,
1247 2064 1383 2160 paleas,

415 2168 594 2261 vinaceas,
620 2170 746 2268 aliquid
769 2157 1001 2266 horum,'quo
1022 2172 1143 2244 redius
1169 2173 1290 2247 valeat.
1313 2176 1383 2248 Ubi
1416 2208 1418 2216 ·

415 2279 517 2352 vinea
531 2277 689 2353 frondere
709 2282 872 2377 coeperit,
889 2281 1096 2377 pampinato.
1118 2283 1242 2356 Vincas
1258 2289 1382 2358 novel-

415 2391 465 2464 las
476 2391 613 2488 alligato
627 2394 768 2479 crebro,
786 2417 828 2463 ne
845 2392 957 2466 caules
978 2392 1105 2488 perfrin
1131 2412 1239 2467 antur.
1250 2397 1292 2467 Et
1304 2422 1383 2491 quae

414 2497 532 2594 jamin
547 2499 707 2596 perticam
720 2501 803 2585 ibit,
816 2501 888 2595 ejus
902 2502 1081 2598 pampinos
1096 2520 1232 2575 teneros
1245 2505 1383 2603 alligato

416 2609 560 2699 leviter,
583 2612 839 2708 corrigitoque,
862 2613 911 2684 uti
937 2614 1025 2685 rede
1045 2611 1203 2710 spellent.
1226 2615 1296 2688 Ubi
1313 2642 1383 2691 uva

415 2716 508 2794 varia
541 2721 615 2794 fieri
642 2724 806 2820 coeperit,
833 2725 922 2798 vites
951 2724 1137 2824 subligato,
1163 2727 1384 2830 pampinato,¹

416 2830 565 2931 uvasque
591 2833 777 2928 expellito,
800 2833 928 2906 circum
957 2835 1066 2928 capita
1090 2833 1209 2905 sarito.¹
1224 2832 1382 2903 Salidum

418 2938 481 3012 suo
510 2961 666 3037 tempore
699 2942 845 3030 caedito,
868 2941 1023 3040 glubito,
1046 2941 1201 3036 ardeque
1227 2937 1383 3037 alligato.

416 3050 558 3122 Librum
577 3049 800 3139 conservato,
821 3076 899 3123 cum
922 3074 1009 3145 opus
1029 3048 1092 3120 erit
1110 3054 1145 3119 in
1167 3047 1267 3122 vinea
1281 3072 1324 3120 ex
1338 3071 1383 3122 eo

416 3160 453 3233 in
475 3188 595 3259 aquam
610 3161 801 3257 conjicito,
815 3162 964 3260 alligato.
982 3160 1139 3251 Vimina,
1154 3160 1243 3233 unde
1258 3161 1383 3233 corbu-

387 3271 461 3345 alae
483 3268 582 3358 fiant,
600 3272 818 3345 conservato.
1357 3274 1359 3279 ’
1464 3330 1467 3346 .

466 3382 632 3455 XXXIV.
656 3383 774 3455 Redeo
787 3383 829 3454 ad
844 3380 1027 3454 sementim.
1048 3378 1109 3450 ubi
1124 3378 1264 3476 quisque
1285 3378 1382 3469 locus

411 3494 647 3593 'frigidissimus
662 3549 672 3585 ,
686 3494 983 3592 aquofilsrmusque
1004 3493 1085 3582 erit,
1103 3491 1150 3563 ibi
1174 3494 1319 3587 primum
1334 3493 1383 3562 sed
1471 3538 1482 3567 s

417 3604 497 3677 rito.
518 3608 557 3677 ln
572 3605 775 3678 calidissimis
788 3604 874 3676 locis
891 3599 1287 3695 sementimpostremum
1308 3598 1381 3671 fieri
1413 3610 1415 3615 '

417 3733 569 3821 oportet.
596 3734 718 3787 terram
734 3739 818 3787 cave
841 3712 1002 3788 cariosam
1017 3712 1146 3785 trades.
1173 3717 1261 3811 Ager
1274 3709 1382 3781 rubri·

418 3821 518 3895 cosus
536 3828 574 3898 &
597 3843 685 3897 terra
703 3825 812 3921 pulla,
827 3823 989 3895 marerina
1004 3877 1015 3912 ,
1033 3823 1192 3909 rudecla,
1216 3817 1382 3891 arenosa:

419 3933 499 4005 item
525 3960 600 4031 quae
618 3935 741 4031 aquosa
756 3958 829 4004 non
841 3934 922 4020 erit,
937 3934 985 4004 ibi
1000 3933 1152 4028 lupinum
1170 3932 1298 4000 bonum
1312 3922 1382 3997 fiet.

420 4044 457 4113 ln
477 4059 585 4133 creta,
597 4043 637 4116 δι
650 4041 798 4140 uligine,
810 4043 849 4116 δι
864 4041 1021 4134 rubrica,
1033 4043 1071 4114 δι
1084 4059 1186 4134 agro,
1200 4034 1260 4132 qui
1273 4056 1382 4131 aquas
