3509 5084
413 644 427 675 ,,
539 584 1197 664 Daaaausncnaranr.
1285 615 1356 690 227
1454 694 1457 699 ἱ

387 748 574 822 evitantem
594 746 767 821 caldorem
782 749 819 820 δέ
833 745 969 867 frigus,
988 751 1082 859 quod
1103 769 1283 849 utrumque
1303 751 1356 824 his
1455 756 1458 762 ’

389 855 580 930 adversum.
607 850 733 940 Cum
724 877 791 946 jam
807 853 928 951 pinnas
956 838 1152 945 habebunt,
1177 883 1245 931 con
1249 851 1361 933 nefa-¹

391 968 573 1054 ciendum,
591 984 628 1037 ut
646 988 769 1052 unam,
790 981 827 1034 ut
842 963 924 1036 duas
945 963 1109 1038 sedentur
1122 967 1284 1065 gallinas,
1299 996 1358 1044 ce·

391 1098 474 1153 terae
493 1096 532 1150 ut
550 1073 667 1173 potius
691 1072 734 1146 ad
756 1071 952 1169 pariendum
968 1073 1032 1147 sint
1055 1080 1242 1174 expeditae,
1256 1105 1357 1206 quam

391 1189 428 1265 in
452 1187 623 1260 nutricatu
647 1203 835 1279 occupatae.
858 1186 1020 1260 lucubare
1042 1208 1181 1285 oportet
1209 1188 1359 1288 incipere
1477 1213 1480 1219 ·

391 1297 574 1372 secundum
593 1318 723 1367 novam
741 1293 876 1383 lunam,
891 1295 987 1391 quod
1001 1294 1071 1368 fere
1083 1321 1160 1394 qnae
1178 1316 1256 1372 ante
1264 1299 1362 1396 ,ple-

392 1432 498 1504 raque
524 1429 597 1476 non
617 1395 811 1481 succeffisst.
840 1403 989 1477 Diebus
998 1403 1069 1479 sere
1091 1428 1149 1479 xx
1176 1409 1361 1484 excudunt.

387 1521 451 1609 ¹De
465 1516 587 1614 quibus
602 1513 762 1587 villaticis
778 1515 967 1613 (quoniam
982 1518 1084 1589 vel
1051 1520 1194 1592 nimium
1207 1522 1360 1619 dicium)
1472 1505 1479 1508 .

394 1628 561 1715 brevitate
577 1626 705 1724 reliqua
721 1625 966 1722 compensabo
979 1608 1124 1701 Gallinae
1138 1632 1270 1705 rusticae
1284 1634 1362 1707 sunt
1475 1629 1478 1645 ³

394 1739 431 1812 in
447 1739 529 1811 urbe
540 1763 641 1824 rarae,
651 1759 714 1807 nec
727 1732 797 1807 fere
809 1733 988 1808 mansueta
1004 1737 1073 1809 fine
1087 1763 1193 1811 cavea
1205 1741 1363 1813 videntur

394 1853 536 1937 Roma,
555 1846 677 1920 similes
699 1844 789 1919 facie
812 1869 885 1916 non
904 1845 956 1918 his
974 1846 1132 1918 villaticis
1147 1848 1278 1944 gallinis
1295 1877 1364 1926 no-

395 1960 470 2034 slris
484 2011 496 2045 ,
510 1955 565 2028 sed
582 1953 770 2045 Africanis,
786 1954 917 2051 aspeslu
931 1981 970 2028 ac
985 1954 1071 2029 facie
1086 1956 1369 2039 incontaminata.

396 2073 437 2142 ln
461 2064 638 2140 ornatibus
658 2063 803 2161 publicis
815 2063 926 2136 solent
941 2065 1025 2160 poni
1047 2090 1123 2138 curn
1140 2066 1308 2162 psittacis,
1324 2097 1366 2146 ae

396 2173 536 2252 merulis
557 2172 667 2263 albis,
690 2173 771 2245 item
792 2171 866 2246 aliis
886 2172 920 2244 irl
942 2197 1049 2271 genus
1067 2176 1165 2248 rebus
1190 2174 1372 2259 inusitatis

349 2270 352 2277 ,
397 2288 520 2391 Neque
545 2283 669 2373 sercin
689 2283 780 2358 villis
801 2306 890 2371 ova,
908 2309 948 2358 ac
969 2283 1080 2381 pullos
1094 2285 1245 2376 faciunt,
1259 2289 1313 2361 sed
1328 2290 1365 2363 in

399 2397 505 2470 silvis.
525 2395 578 2468 Ab
599 2393 650 2465 bis
672 2391 804 2490 gallinis
825 2392 952 2464 dicitur
971 2392 1076 2464 insula
1095 2392 1281 2468 Gallinaria
1302 2425 1367 2496 ap-

400 2507 545 2606 pellata,
564 2527 639 2600 quae
660 2501 708 2574 esl
721 2500 757 2572 in
773 2499 860 2573 mari
872 2498 1014 2591 Thusco
1033 2500 1217 2576 secundum
1236 2508 1374 2584 ltaliam

400 2634 522 2692 contra
533 2629 667 2685 montes
682 2610 887 2708 Ligusticost
901 2609 1113 2684 Intemelium
1128 2663 1141 2703 ,
1156 2614 1293 2701 Albium
1309 2623 1368 2692 ln·

400 2751 561 2826 gaunum.
579 2723 636 2797 alii
653 2724 695 2795 ab
715 2723 767 2796 his
784 2721 944 2796 villaticis
965 2722 1142 2797 inve'slisa
1164 2728 1295 2819 nautis,
1319 2729 1369 2804 ibi

401 2838 483 2912 feris
502 2835 596 2913 fastis
616 2835 811 2933 procreatis.
827 2834 975 2906 Gallinae
990 2834 1157 2910 Africanae
1174 2838 1249 2908 sunt
1263 2865 1368 2936 gran.

403 2949 487 3033 des,
508 2947 639 3030 variae,
660 2942 834 3038 gibberae‚
859 2965 942 3037 quas
966 2952 1173 3038 peareypldar
1197 2951 1382 3043 appellant

404 3054 530 3130 Graeci.
547 3055 610 3125 Hae
624 3051 815 3126 noviffimae
833 3050 872 3137 ‚in
894 3050 1078 3122 triclinium
1100 3060 1292 3154 ganearium
1314 3063 1370 3137 in·

405 3170 573 3259 troierunt
587 3189 606 3237 e
621 3164 748 3250 culina,
764 3183 905 3260 propter
919 3162 1086 3237 fastidium
1100 3167 1287 3246 hominum.
1300 3177 1372 3249 Ve-

405 3299 511 3356 neunt
529 3296 670 3376 propter
689 3276 863 3374 penuriam
882 3302 1017 3375 magno.
1037 3279 1094 3350 De
1112 3280 1219 3355 tribus
1240 3287 1373 3383 generi*
1470 3270 1472 3278 ¹

404 3395 483 3482 bus,
500 3390 630 3489 gallinae
640 3388 832 3488 saginantur
846 3387 991 3461 maxime
1008 3387 1179 3462 villaticae.
1192 3416 1246 3467 eas
1258 3395 1373 3468 inclu.

408 3507 493 3578 dunt
509 3502 545 3572 in
566 3500 682 3572 locum
702 3497 852 3593 tepidum
868 3549 881 3584 ‚
900 3496 938 3568 δι
953 3494 1150 3591 angustum,
1168 3501 1204 3573 δι
1222 3504 1394 3578 tenebri-x

408 3610 549 3699 rosum,
572 3598 690 3706 (quod
709 3627 824 3678 motus
849 3628 965 3676 earum
992 3604 1031 3676 &
1053 3602 1115 3675 lux
1143 3606 1375 3706 pinguitudini
1458 3668 1462 3677 .

408 3721 572 3821 inimica)
589 3721 631 3793 ad
651 3720 740 3792 hanc
756 3742 828 3791 rem
844 3716 956 3789 eleslis
978 3712 1131 3801 maximis
1144 3718 1294 3813 gallinis,
1309 3749 1374 3799 nec

409 3834 578 3911 continuo
598 3830 649 3903 his
659 3853 764 3927 ,quas
786 3827 926 3900 Melicas
949 3825 1121 3922 appellant
1147 3825 1255 3914 falso,
1277 3833 1374 3926 quod

409 3940 541 4040 antiqui
560 3956 598 4013 ut
619 3936 745 4023 Thetin
772 3936 909 4008 Tbelim
932 3932 1183 4021 dicebant,s1c
1207 3937 1374 4012 Medicam

411 4051 572 4128 Melicam
595 4048 776 4127 vocabant.
790 4049 852 4122 Hae
867 4045 981 4146 primo
997 4042 1197 4118 dicebantur
1208 4047 1314 4154 ,quia
1331 4072 1375 4123 ex

1113 4154 1139 4224 P
1165 4181 1186 4228 2
