3509 5084
545 526 1191 660 bauauusrrcts.
1303 602 1345 675 57

388 721 529 834 pluerit,
552 741 590 811 &
612 736 805 824 necaverit,
827 753 901 808 tum
921 727 1084 834 deligito,
1103 741 1140 811 &
1161 736 1285 832 ponito
1311 739 1348 813 in

387 846 460 918 sole
482 846 639 933 biduum,
655 864 712 919 aut
736 846 882 918 triduum
905 846 1062 934 subdio,
1082 847 1108 917 fi
1128 846 1254 943 pluviae
1276 870 1350 917 non

388 952 498 1027 erunt.
522 954 545 1024 fi
564 955 677 1050 pluvia
689 956 775 1045 erit,
789 959 824 1028 in
843 958 933 1029 tedio
954 957 990 1028 in
1005 957 1151 1031 cratibus
1169 956 1353 1052 componi-

388 1080 452 1152 to,
462 1065 498 1136 δι
512 1061 537 1133 sr
551 1087 619 1158 qua
628 1063 727 1136 acina
743 1080 1033 1158 compulerunt,
1051 1064 1248 1160 depurgato.
1258 1063 1351 1137 Tum

388 1173 515 1246 sumito
537 1197 656 1266 aquam
677 1171 838 1244 marinam
858 1192 899 1256 Q.
912 1193 941 1244 S.
954 1193 983 1244 s.
998 1195 1030 1246 a.
1053 1173 1088 1244 in
1107 1173 1236 1246 dolium
1250 1172 1353 1268 quin·

390 1280 630 1379 quagenarium
654 1279 825 1352 infundito
850 1305 946 1376 aquae
972 1282 1109 1354 marinae
1132 1304 1171 1370 Q.
1198 1303 1236 1353 κ.
1259 1285 1353 1355 Tum

389 1391 486 1466 acina
513 1391 554 1461 de
578 1389 654 1493 uvis
680 1390 834 1465 miscellis
860 1391 1071 1486 deoerpito,1
1082 1395 1124 1465 de
1142 1393 1290 1486 leopio,
1313 1392 1352 1464 in

390 1500 490 1572 idem·
505 1498 635 1570 dolium
659 1499 763 1594 usque
787 1501 865 1571 dum
890 1500 1105 1595 impleveris,
1127 1528 1231 1574 manu
1254 1527 1353 1574 com-

391 1607 554 1704 primito,
568 1625 604 1678 ut
612 1610 816 1682 combibant
829 1635 948 1704 aquam
959 1612 1137 1684 marinam.
1162 1611 1220 1683 ubi
1233 1611 1355 1705 imple·

392 1717 481 1795 veris
498 1716 627 1788 dolium
639 1770 650 1803 ,
665 1719 832 1810 operculo
850 1718 1009 1813 operito,
1022 1719 1207 1817 relinquito
1220 1744 1285 1816 qua
1298 1719 1356 1789 in·

391 1825 554 1920 terspiret.
576 1826 646 1898 Ubi
666 1827 814 1898 triduum
834 1827 1052 1922 praeterierit‚
1067 1829 1210 1901 eximito
1230 1829 1356 1901 dedo*

391 1937 464 2021 lio,
480 1935 611 2008 calcato
627 1936 661 2007 in
684 1937 869 2010 torculario
881 1987 894 2023 ,
906 1937 945 2008 &
964 1935 1000 2007 id
1020 1935 1138 2011 vinum
1160 1937 1303 2010 condito
1317 1935 1355 2010 in

393 2046 485 2118 dolia
502 2046 610 2132 lauta,
625 2048 661 2119 &
679 2070 780 2140 pura,
795 2047 833 2117 &
848 2043 944 2117 steca.

440 2155 560 2226 CXlll.
574 2157 622 2226 Ut
636 2156 817 2225 odoratum
831 2154 917 2225 bene
932 2151 1069 2241 stet,s1c
1089 2152 1214 2228 facito:
1231 2152 1356 2227 sumito
1375 2203 1378 2223 .
1447 2201 1449 2205 -

392 2262 505 2336 tellam
530 2263 695 2360 picatam:
719 2287 762 2335 eo
791 2288 934 2359 prunam
955 2267 1065 2337 lenem
1089 2266 1217 2354 indito,
1242 2266 1359 2339 suffito

393 2373 497 2462 serta,
510 2377 548 2448 δι
569 2373 733 2462 schoeno,
748 2377 792 2448 δι·-
800 2372 928 2470 palma,
947 2400 1048 2472 quam
1063 2375 1188 2448 habent
1201 2397 1359 2473 unguen*

393 2481 626 2577 tarii‚ponito
643 2481 678 2553 in
698 2481 818 2571 dolio,
838 2483 874 2554 &
893 2482 1051 2577 operito,
1070 2507 1113 2573 ne
1128 2483 1217 2556 odor
1236 2501 1358 2587 erest,

393 2613 570 2688 antequam
595 2593 714 2667 vinum
742 2593 846 2666 indas.
860 2594 952 2667 ,Hoc
977 2591 1082 2668 facito
1105 2593 1235 2690 pridie,
1255 2617 1360 2688 quam

394 2702 515 2776 vinum
535 2702 714 2774 infundere
734 2703 855 2792 voles,
872 2705 913 2774 de
928 2702 1003 2777 lacu
1015 2728 1116 2801 quam
1130 2703 1279 2799 primum
1301 2702 1359 2776 vi-.

395 2836 476 2882 num
498 2811 650 2893 indolia
671 2811 803 2901 indito,
817 2812 919 2885 finito
933 2815 1004 2885 dies
1028 2833 1097 2886 xv.
1121 2831 1241 2906 operta
1264 2828 1360 2884 ante⁴

395 2943 496 3015 quam
527 2920 681 3010 oblinas,
712 2919 897 3018 relinquito
924 2945 990 3014 qua
1013 2917 1203 3012 interspiret
1227 2918 1359 2990 vinum.

395 3028 512 3124 postea
530 3027 690 3105 oblinito.
712 3029 790 3101 Poll
807 3029 877 3101 dies
891 3047 955 3101 xu.
970 3024 1152 3099 diffundite
1166 3025 1203 3097 in
1214 3025 1360 3120 ampho-

394 3161 469 3227 ras,
484 3136 650 3210 &addito
666 3139 701 3211 in
723 3137 867 3235 singulas
881 3134 1160 3234 amphorassapae
1178 3134 1359 3211 sextarium
1455 3209 1458 3214 .

395 3267 513 3316 unum.
528 3245 719 3339 Amphoras
742 3243 855 3317 nolito
874 3242 1014 3339 implere
1029 3244 1190 3332 nimium,
1207 3242 1360 3317 ansarum
1483 3262 1488 3271 ‘

343 3410 353 3417 .
395 3347 586 3426 infimarum
609 3353 682 3449 lini.
710 3359 754 3433 dr
778 3355 956 3450 amphoras
979 3354 1016 3425 in
1031 3344 1113 3426 >sole
1136 3352 1277 3449 ponito,
1300 3349 1360 3429 ubi

396 3462 499 3535 herba
520 3488 593 3535 nou
607 3464 677 3537 stet.
698 3464 735 3538 δι
750 3464 928 3558 amphoras
942 3463 1098 3558 operito,
1113 3487 1155 3534 ne
1168 3464 1251 3559 aqua
1262 3485 1361 3545 ,acces

395 3571 471 3661 dat,
497 3573 536 3643 &
560 3596 602 3644 ne
627 3571 700 3666 plus
723 3569 938 3665 quatriduum
964 3569 1001 3642 in
1023 3568 1094 3644 sole
1118 3570 1246 3645 srveris.
1280 3568 1358 3643 Post

395 3683 611 3782 quatriduum
634 3681 668 3751 in
686 3680 832 3754 culleum
852 3679 1078 3777 componim,
1091 3681 1310 3776 &instipato.
1342 3702 1346 3713 ·

429 3793 570 3864 ΙΕΧΝ.
582 3789 711 3864 Vinum
724 3791 747 3863 st
761 3791 858 3869 voles
872 3791 1099 3883 concinnare,
1111 3814 1150 3865 ut
1167 3791 1280 3863 alvum
1292 3788 1360 3861 bo·.

395 3926 474 3974 nam
491 3899 611 3987 faciat,
626 3898 806 3974 secundum
830 3899 1059 3990 vindemiam,
1080 3900 1139 3979 ubi
1154 3897 1242 3968 vites
1263 3894 1358 3975 abla-

394 4029 585 4108 queantur,
595 4029 758 4110 quantum
772 4007 906 4108 putabis
919 4009 950 4084 ei
964 4008 1014 4084 rei
1027 4005 1100 4081 satis
1115 4003 1184 4090 effe,
1193 4003 1290 4098 vini,
1304 4021 1358 4087 rot
