3509 5084
544 538 1195 617 Danauosrrcrttss.111.
1282 561 1357 639 217

359 727 363 733 ·
391 704 453 777 sub
467 719 582 777 retem.
601 661 726 775 ¹Subter
742 686 977 776 columnarum
992 701 1196 800 stylobatem
1209 700 1256 773 est
1271 699 1358 796 lapis
1478 678 1483 704 ⁵

390 814 527 888 asalere
549 816 668 909 pedem
683 816 720 885 &
739 813 939 883 dodrantem
954 810 1038 882 alta:
1062 809 1170 907 ipsum
1191 808 1294 896 falere
1315 807 1360 880 ad
1479 866 1485 874 .

392 925 461 994 duo
478 923 577 1016 pedes
594 921 698 992 altum
714 947 731 992 a
745 920 882 1017 stagno,
896 919 1000 991 latum
1021 918 1062 990 ad
1082 917 1254 1019 quinque,
1270 936 1307 988 ut
1320 917 1360 988 in

362 1043 365 1048 ’
391 1031 530 1104 culcitas
556 1033 593 1103 ὅ(
616 1031 815 1103 columellas
833 1028 999 1103 convivae
1018 1028 1158 1124 pedibus
1180 1027 1362 1100 circumire
1484 1107 1490 1129 ι

390 1141 527 1239 possint.
550 1140 672 1212 lusimo
691 1140 779 1212 intra
805 1138 909 1213 falere
932 1139 981 1211 ell
1004 1139 1154 1236 stagnum
1173 1163 1252 1237 cum
1271 1160 1363 1210 mar*
1476 1167 1479 1172 ·

390 1252 469 1348 gine
492 1251 623 1344 pedali,
638 1253 676 1324 &
699 1250 806 1323 insula
826 1250 861 1321 in
882 1241 996 1323 medio
1012 1272 1130 1347 parva.
1153 1249 1295 1323 Circum
1312 1249 1364 1322 sad

392 1359 460 1430 lere
486 1361 524 1433 &
550 1359 682 1431 navalia
701 1357 964 1432 sunt'excavara
989 1359 1139 1433 anatium
1164 1356 1301 1432 slabula.
1322 1361 1364 1430 ln

361 1465 372 1475 ’
392 1467 500 1539 insula
526 1465 573 1539 est
599 1467 802 1554 columella,
824 1467 859 1538 in
883 1493 951 1564 qua
975 1456 1070 1541 intua
1092 1468 1187 1558 axis,
1210 1465 1270 1566 qui
1296 1489 1364 1563 pro
1388 1498 1390 1503 ·

342 1635 345 1643 .
393 1575 505 1647 mensa
524 1575 661 1660 sustinet
674 1596 784 1647 rotam
792 1577 957 1661 radiatam
967 1633 978 1668 ,
990 1570 1037 1650 ira
1049 1598 1086 1650 ut
1096 1578 1139 1652 ad
1153 1577 1339 1651 extremum
1349 1596 1366 1667 ,'

394 1685 453 1756 ubi
474 1685 584 1756 orbile
607 1687 690 1758 soler
712 1687 775 1758 esse
793 1706 953 1775 acutum,
968 1687 1082 1762 tabula
1105 1708 1226 1762 cavata
1248 1687 1365 1776 fit,ut

395 1813 598 1892 tympanum
614 1794 650 1864 in
664 1795 874 1868 latitudinem
892 1798 962 1868 duo
974 1799 1077 1893 pedes
1090 1799 1127 1870 δι
1142 1787 1365 1891 semipedem,

395 1905 430 1976 in
460 1905 672 1976 altitudinem
697 1905 857 2001 palmum.
874 1907 1031 1979 flae'e'ab
1056 1932 1129 1980 uno
1151 1931 1280 2004 puero,
1303 1903 1366 2004 qui
1412 1985 1414 1993 ,

395 2013 577 2100 ministrat,
598 2014 645 2086 ita
668 2014 829 2106 vertitur,
849 2034 888 2087 ur
911 2016 1027 2089 omnia
1051 2041 1116 2087 una
1132 2011 1305 2113 ponantur
1327 2005 1390 2091 dc¹

396 2125 660 2211 adhibendum,
676 2126 713 2197 δι
732 2124 774 2203 ad
792 2124 980 2214 edendum,
995 2127 1034 2199 &
1055 2125 1304 2200 admoveantur
1323 2124 1367 2196 ad

369 2249 372 2255 “
398 2257 518 2326 omnes
532 2233 714 2307 convivas.
734 2235 786 2306 Ex
802 2234 952 2332 suggeslo
966 2234 1098 2328 faleris,
1109 2236 1167 2309 ubi
1180 2235 1290 2309 solent
1301 2227 1367 2308 effe

399 2351 657 2438 nspenersuuara
668 2400 678 2431 ,
688 2344 858 2439 prodeunt
869 2363 982 2416 anates
994 2343 1029 2414 in
1043 2343 1190 2442 slagnu'rn
1198 2397 1210 2434 ‚
1219 2369 1257 2416 ac
1270 2364 1367 2433 nant,

398 2475 426 2562 e⁴
438 2475 510 2548 quo
532 2449 627 2522 rivus
643 2452 801 2548 pervenit
820 2452 855 2523 in
882 2446 984 2544 duas,
998 2478 1081 2551 quas
1099 2452 1189 2542 dixi,
1201 2450 1370 2549 piscinas,
1411 2517 1416 2536 ,
1453 2491 1457 2501 ·

399 2586 438 2633 ac
453 2559 604 2656 pisciculi
618 2563 710 2635 ultro
724 2590 764 2637 ac
780 2563 869 2638 citro
883 2581 1100 2637 commeant:
1114 2587 1214 2651 cum,
1228 2563 1370 2657 &aqua
1386 2630 1388 2635 .

382 2636 506 2741 Ncalida
530 2672 567 2743 δι
591 2670 712 2770 frigida
737 2698 777 2744 ex
801 2673 879 2745 orbi
905 2671 1022 2769 ligneo
1038 2672 1248 2770 mensaque,
1267 2694 1370 2769 quam
1448 2753 1450 2757 ,

400 2778 472 2849 dixi
489 2779 523 2850 in
544 2778 662 2877 primis
675 2782 776 2854 radiis
791 2783 872 2870 elle,
887 2780 1050 2876 epitoniis
1064 2781 1168 2853 versis
1182 2781 1224 2852 ad
1243 2778 1372 2852 unum·

344 2934 349 2940 -
401 2912 592 2983 quemque,
607 2889 729 2962 fadum
745 2891 805 2978 sit,
822 2909 860 2960 ur
876 2889 957 2960 fluat
972 2890 1008 2960 in
1021 2887 1221 2960 convivam.
1242 2888 1374 2959 lutrin-

377 3088 378 3092 ,
401 2995 494 3066 secus
510 2995 570 3066 sub
584 2995 684 3067 tholo
702 2995 802 3080 stella
818 2994 939 3066 lucifer
957 2995 1125 3084 interdiu,
1138 2998 1240 3069 noctu
1254 2995 1374 3092 hespe-⁸

377 3102 378 3107 ’
402 3127 482 3188 rus,
495 3102 539 3172 ita
560 3101 773 3174 circumeunt
796 3102 837 3173 ad
856 3099 1010 3174 infimum
1029 3102 1318 3201 hemispherium,
1330 3128 1373 3179 ac

313 3296 316 3300 ¹
347 3275 349 3279 .
404 3232 607 3297 moventur,
622 3230 661 3282 ut
678 3211 852 3301 indicent,
863 3231 953 3309 quot
975 3212 1039 3283 sint
1057 3213 1163 3286 horae.
1187 3217 1226 3285 ln
1248 3213 1373 3286 eodem
1485 3228 1488 3235 '

404 3318 638 3416 hemisphaerio
652 3319 766 3391 medio
785 3319 913 3392 circum
930 3320 1099 3393 cardinem
1115 3321 1161 3393 est
1174 3321 1268 3394 orbis
1284 3347 1375 3394 ven·
1474 3388 1483 3408 x

404 3438 527 3500 toru'm‘
541 3431 642 3518 odo,
664 3447 701 3502 ut
719 3427 863 3499 Athenis
885 3427 923 3498 in
943 3404 1154 3524 hdrologio,
1174 3428 1269 3526 quod
1290 3429 1374 3502 fecit
1415 3456 1421 3477 ’

404 3536 615 3635 Cyrrhestes.
638 3535 753 3633 ibique
767 3535 920 3607 eminens
934 3534 1077 3608 radiusa
1097 3535 1234 3608 cardine
1252 3537 1294 3608 ad
1313 3555 1375 3608 or·

405 3648 482 3718 bem
504 3647 546 3715 ita
563 3665 741 3728 movetur,
756 3661 795 3716 ut
815 3668 894 3715 eum
910 3663 1022 3743 tangat
1038 3637 1200 3737 ventum,
1214 3647 1272 3744 qui
1294 3645 1374 3736 flet,
1468 3732 1470 3737 Ι

406 3776 445 3829 ut
462 3756 551 3828 intus
566 3754 648 3828 scire
667 3755 779 3850 poffis.
801 3757 890 3827 Cum
905 3755 977 3827 haec
992 3756 1229 3853 loqueremur,
1243 3754 1375 3827 clamor

406 3863 444 3934 fir
457 3865 491 3935 in
508 3887 641 3960 campo.
661 3866 736 3936 Nos
751 3863 884 3936 athletae
904 3863 1124 3937 comitiorum
1140 3889 1229 3953 una,
1245 3889 1322 3938 curn
1338 3863 1375 3937 id

407 3972 482 4048 fieri
500 4000 573 4049 non
592 3975 790 4050 miraremur
809 3993 951 4076 propter
974 3973 1079 4049 studia
1095 3973 1369 4073 suffragatorum,
