3509 5084
581 565 665 636 DE
704 564 784 634 RE
823 563 1233 647 RUSTICA.4
1299 506 1354 644 61!

389 754 434 802 eo
447 716 614 800 atnutcam
627 722 826 813 infundite,
841 724 952 819 paleas
966 723 1087 797 indito.
1106 725 1206 799 sinito
1220 731 1349 822 quatri·

391 838 492 908 duum
508 831 675 905 fracescat.
697 830 756 905 ubi
778 834 865 902 bene
881 828 1062 925 student,
1077 849 1174 903 rutro
1196 836 1351 907 concidi·
1466 864 1474 871 ··

390 968 440 1018 to.
470 942 527 1014 ubi
562 941 776 1029 concideris,
803 941 966 1017 delutato.
998 947 1047 1014 lta
1075 968 1185 1040 neque
1210 947 1349 1046 aspergo

388 1051 547 1141 nocebit,
568 1075 676 1146 neque
699 1075 809 1122 mures
835 1054 919 1126 cava
944 1050 1090 1143 facient,
1112 1077 1222 1150 neque
1246 1055 1350 1151 herba

388 1152 563 1248 nascetut,
577 1186 686 1259 neque
701 1162 885 1234 lutamenta
900 1160 1051 1234 scindent
1065 1161 1107 1234 se.

437 1275 602 1359 CXXIX.
625 1280 746 1345 Aream
764 1273 822 1344 ubi
844 1271 1052 1345 frumentum
1072 1274 1279 1362 teratut,s1c
1298 1275 1350 1348 fa*

388 1383 473 1459 διο.
492 1381 722 1454 Confodiatur
740 1381 870 1452 minute
886 1400 995 1470 terta,
1009 1407 1146 1454 amurca
1162 1382 1247 1454 bene
1262 1408 1349 1457 con·

390 1493 584 1590 spergatur,
603 1508 640 1562 ut
661 1491 833 1564 combibat
854 1515 956 1587 quam
979 1491 1175 1585 plurimum.
1205 1492 1352 1564 commis

390 1602 489 1675 nuito
506 1620 627 1674 tertam
641 1654 652 1687 ‚
668 1603 706 1684 δι
724 1600 886 1697 cylindro
910 1618 968 1672 aut
982 1599 1140 1694 pavicula
1152 1622 1352 1696 ·coaequato.

390 1712 449 1784 ubi
468 1693 643 1807 coaequata
662 1709 744 1798 erit,
758 1734 867 1808 neque
886 1708 1041 1782 formicae
1060 1709 1209 1783 molestae
1228 1733 1351 1806 erunt,

391 1823 520 1894 &cum
542 1819 680 1914 pluerit,
695 1820 802 1890 lutum
819 1843 892 1890 non
913 1817 987 1890 etit.

450 1930 597 2002 CXXX.
623 1928 814 2001 Codicillos
844 1927 1038 2023 oleaginos,
1066 1930 1104 2019 ὃ(
1128 1946 1237 2003 cetera
1262 1931 1351 2030 ligna

304 2091 306 2094 ι
390 2065 527 2115 amurca
541 2042 639 2115 cruda
653 2038 860 2137 perspergito
873 2094 882 2128 ,
895 2043 932 2112 δι
946 2039 981 2133 in
996 2036 1071 2128 sole
1080 2040 1222 2133 ponito,
1234 2046 1350 2136 perbi-

389 2151 471 2224 bant
480 2153 576 2224 bene.
590 2157 636 2224 lta
646 2175 754 2246 neque
767 2149 898 2223 sumosa
908 2167 1022 2233 erunt,
1032 2142 1069 2220 &
1080 2150 1246 2222 ardebunt
1254 2152 1351 2228 bene.

409 2307 411 2311 ,
439 2265 605 2340 CXXXI.
629 2266 762 2358 Dapem
778 2288 843 2358 pro
862 2263 974 2334 bubus
985 2259 1061 2354 piro
1076 2258 1220 2333 florente
1234 2260 1352 2339 facito.

390 2371 507 2444 Postea
525 2399 634 2457 verno
649 2398 742 2445 arare
755 2372 910 2468 incipito
925 2376 972 2442 Ea
989 2370 1065 2442 loca
1081 2370 1227 2465 primum
1241 2391 1352 2463 arato,
1386 2428 1397 2458 ·.
1452 2441 1454 2444 ,

389 2506 468 2577 quae
491 2485 625 2557 rudeata
649 2483 854 2580 arenosaque
873 2500 983 2556 erunt.
1003 2481 1122 2553 Postea
1141 2482 1190 2553 uti
1210 2507 1353 2580 quaeque

371 2583 584 2683 'graviffima
607 2612 707 2689 atque
733 2591 944 2690 aquofiffima
969 2608 1088 2682 erunt,
1109 2591 1156 2662 ita
1178 2590 1356 2687 postremo

393 2719 499 2771 arato.
664 2784 669 2799 .

442 2808 623 2887 CXXXII.
644 2812 777 2908 Dapem
800 2812 870 2884 hoc
892 2813 999 2885 modo
1017 2810 1090 2882 fieti
1105 2829 1253 2906 oportet.
1270 2812 1352 2884 Jovi

394 2913 505 3007 dapali
528 2917 693 3013 culignam
719 2919 792 2992 vini
817 2937 979 3015 quantum
1008 2919 1061 2989 vis
1088 2916 1273 3011 polluceto.
1299 2922 1353 2990 Eo
1418 2910 1420 2914 ’
1508 2905 1510 2909 ’

395 3022 449 3094 die
470 3022 560 3096 feriae
580 3027 688 3101 bubus
705 3030 742 3101 &
762 3028 984 3114 bubulcis,&
1006 3026 1066 3122 qui
1086 3027 1201 3122 dapem
1216 3024 1352 3100 facient.
1395 3066 1401 3135 '.
1446 3056 1448 3060 ·
1496 3073 1503 3081 ·

397 3133 486 3205 Cum
505 3136 889 3234 pollucereoportebit,
908 3139 952 3211 fic
965 3137 1075 3214 facies.
1087 3136 1239 3233 iuppiter
1253 3140 1353 3236 dapa-

396 3243 458 3334 lis,
481 3249 575 3344 quod
596 3250 656 3321 tibi
671 3249 744 3322 fieri
769 3270 927 3346 oportet,
944 3251 978 3321 in
999 3252 1106 3322 domo
1129 3249 1253 3349 familia
1278 3277 1353 3324 mea

395 3353 562 3450 culignam
586 3360 658 3429 vini
679 3361 775 3454 dapi,
797 3360 868 3450 ejus
890 3361 937 3431 rei
951 3384 1031 3455 ergo
1054 3359 1160 3429 made
1178 3360 1240 3430 hac
1256 3358 1352 3431 illace

395 3462 481 3559 dape
498 3466 700 3561 pollucenda
718 3467 802 3538 este.
820 3470 942 3537 Manus
956 3464 1139 3536 interluito.
1162 3465 1279 3559 Postea
1296 3467 1353 3536 vi*

323 3614 328 3623 ·
397 3597 480 3644 num
507 3575 641 3646 sumito.
672 3575 822 3670 Juppitet
848 3573 999 3667 dapalis,
1020 3574 1124 3644 macie
1148 3573 1245 3647 istace
1268 3574 1352 3668 dape

396 3682 600 3789 podlucenda
625 3682 705 3755 esto.
727 3683 835 3755 Made
855 3681 942 3754 vino
965 3681 1089 3754 infesio
1112 3681 1193 3755 esto.
1222 3682 1353 3769 Vestae,

397 3791 422 3861 si
444 3794 564 3882 voles,
579 3788 669 3864 datol
691 3795 784 3886 Daps
799 3791 879 3865 Jovi
892 3792 1004 3865 affatio
1026 3792 1186 3889 pecuina,
1200 3816 1284 3862 urna
1299 3791 1355 3864 vi·

399 3890 437 3973 ni
468 3905 547 3977 Jovi
576 3905 671 3978 caste.
696 3904 877 3976 Profanato
905 3904 973 3977 fine
999 3903 1210 3998 contagione.
1236 3900 1354 3976 Postea

400 4011 486 4107 dape
510 4013 593 4091 facia
609 4015 709 4091 serito
731 4015 881 4110 milium,
897 4017 1078 4114 panicum,
1093 4012 1213 4106 alium,
1226 4010 1355 4087 lentim.
1378 4014 1380 4019 ’
1420 4106 1422 4109 ¹
