3509 5084
489 563 943 640 praenomen
967 568 1065 641 ιιιι.
1090 571 1116 642 ι.
1219 589 1289 672 143

324 727 413 825 apud
431 726 577 800 Ennium
593 724 702 799 solum
717 723 879 821 scriptum
894 723 964 799 scio
981 726 1070 801 effe
1060 751 1096 811 m
1110 710 1331 806 Euhemeri
1406 728 1438 775 *³
1470 678 1483 717 ΙΙ

326 837 422 910 libris
437 836 555 916 versis.
574 834 711 907 videtur
729 834 938 907 vocabulum
959 832 1103 932 etymon
1129 837 1292 912 haberea
1343 861 1346 867 ’
1491 836 1501 927 f,

327 948 525 1046 glubendo‚
547 944 641 1039 quod
665 969 709 1017 eo
737 942 897 1016 folliculo
925 943 1117 1040 deglubitur
1139 972 1293 1044 granum.

325 1055 438 1151 itaque
463 1054 593 1126 eodem·
610 1053 782 1126 vocabulo
807 1050 977 1156 appellant
999 1048 1056 1126 fici
1074 1051 1166 1147 ejus,
1187 1082 1292 1154 quarn
1343 1074 1347 1083 '
1418 1132 1421 1143 ,
1464 1042 1469 1049 ’

279 1216 283 1225 »
324 1165 474 1253 edimus,
486 1163 690 1238 folliculum.
704 1163 811 1237 Arilla
824 1162 910 1234 dicia
915 1164 1029 1259 quod
1040 1165 1157 1239 arescit
1171 1168 1291 1275 prima.
1351 1230 1354 1237 .
1419 1152 1424 1165 ¹

324 1299 466 1372 granum
483 1300 502 1346 a
507 1274 683 1372 gerendo
700 1274 735 1346 id
758 1273 848 1345 enim
869 1273 1004 1356 seritur,
1020 1276 1070 1349 uti
1090 1277 1178 1374 spica
1198 1297 1295 1377 gerat

324 1381 553 1472 frumentum,
574 1407 646 1455 non
666 1397 703 1453 ut
723 1382 868 1503 glumam
891 1401 950 1455 aut
969 1381 1099 1455 aristam
1123 1405 1237 1483 gerat:
1252 1409 1292 1461 ut
1369 1438 1371 1443 s
1472 1446 1484 1491 .·

309 1487 408 1561 ‘vitis
433 1487 723 1578 seritur,non.ut
744 1489 941 1586 pampinum
967 1488 1073 1580 serat,
1096 1491 1154 1564 sed
1174 1519 1312 1573 uvam.¹
1480 1512 1491 1545 ‘

326 1592 426 1689 Spica
443 1615 553 1668 autem
565 1650 576 1686 ,
590 1620 691 1695 quam
710 1595 844 1686 rustici,
860 1613 899 1669 ut
918 1600 1121 1694 acceperunt
1140 1600 1293 1782 antitgui·

326 1718 401 1791 tus,
426 1723 552 1776 vocant
576 1704 726 1800 speram,
743 1731 762 1777 a
782 1707 837 1804 spe
858 1706 994 1780 videtur
1013 1709 1199 1782 nominata.
1217 1735 1235 1781 e
1256 1735 1312 1785 ιιι.
1462 1738 1465 1747 ·

326 1810 415 1884 enim
433 1815 527 1909 quod
545 1815 678 1909 sperant
696 1815 793 1906 fore,
808 1817 931 1889 serunt.
951 1817 1050 1911 Spica
1064 1820 1294 1908 muticadici·

327 1942 383 1994 tur
392 1978 404 2010 ‚
417 1947 493 2019 quae
512 1949 585 1995 non
600 1925 700 1996 habet
713 1924 843 1997 aristam
859 1947 929 1995 :eae
944 1924 1033 1995 enim
1055 1927 1144 2020 quast
1161 1952 1294 2002 cornua

329 2029 404 2105 sunt
421 2030 610 2127 spicarum,
625 2059 701 2130 quae
720 2032 877 2128 primitus
899 2057 976 2104 cum
996 2031 1169 2120 oriuntur,
1182 2061 1301 2134 neque¹

327 2141 428 2237 plane
447 2165 629 2239 apparent,
648 2168 715 2240 qua
735 2142 795 2214 sub
816 2142 921 2214 latent
939 2144 1065 2231 herba,
1080 2167 1120 2214 ea
1144 2167 1306 2221 vocatur·

328 2255 470 2352 vagina,
485 2255 536 2328 uti
558 2281 625 2354 qua
650 2256 730 2355 latet
747 2253 926 2329 conditum
949 2253 1106 2351 gladium.
1125 2256 1210 2329 illud
1230 2283 1294 2332 au-
1443 2249 1445 2262 ¹

327 2387 397 2438 tem
420 2366 546 2439 summa
569 2367 605 2438 in
628 2365 715 2462 spica
735 2364 802 2459 jam
823 2382 973 2452 matura,
998 2366 1094 2461 quod
1112 2367 1159 2439 est
1179 2369 1295 2445 minus

329 2502 430 2572 quam
450 2501 608 2572 granum,
626 2494 771 2549 vocatur
790 2475 860 2549 frit.
881 2477 978 2598 quod
993 2475 1029 2547 in
1049 2473 1167 2571 infima
1175 2476 1295 2578 spica,
1375 2531 1377 2537 -

329 2586 371 2655 ad
395 2585 547 2657 culmum
568 2584 738 2658 stramenti
757 2585 970 2674 summum,
960 2605 1042 2658 rtem
1060 2586 1173 2661 minus
1192 2614 1296 2687 quam

330 2717 472 2793 granum
487 2693 548 2765 est
544 2694 755 2791 ‚appellatur
774 2720 970 2769 urruncunr.
1087 2717 1089 2721 ·

379 2804 500 2875 XLIX.
524 2805 614 2876 Cum
639 2805 876 2890 condemnet,
891 2829 953 2878 nec
970 2822 1239 2899 interrogaretur
1252 2803 1295 2877 de

330 2910 517 2999 nutricatu,
532 2913 768 2984 eredensnihil
786 2910 986 2996 desiderari,
1002 2909 1168 2981 Dicam
1134 2909 1297 3004 ,inquit,·

330 3023 371 3094 de
391 3020 554 3093 frudlibus
572 3019 710 3090 maturis
734 3015 913 3113 capiendis.
932 3019 975 3086 Et
992 3015 1071 3104 ille,
1086 3015 1232 3112 primum
1250 3019 1309 3108 de·

270 3146 274 3155 ·
330 3130 434 3228 pratis
453 3127 647 3215 summiffis,
662 3127 765 3199 herba
777 3149 855 3198 cum
868 3123 1015 3198 crescere
1029 3125 1191 3212 defiit‚&
1214 3126 1298 3199 ann

294 3315 297 3323 ,
330 3239 472 3330 arescit,¹
486 3238 647 3313 subsecari
663 3237 807 3311 falcibus
824 3236 951 3325 debet,
969 3238 1008 3312 δι
1027 3238 1141 3335 quoad
1160 3260 1297 3333 perare-¹

331 3346 575 3437 scat‚furcillis
599 3347 737 3420 versarii
755 3369 832 3418 cum
849 3344 1022 3438 peraruit,
1046 3346 1087 3416 d'e
1110 3345 1163 3417 his
1186 3346 1297 3417 mani*

331 3457 433 3554 pulos
452 3456 545 3543 fieri,
556 3483 598 3530 ac
616 3457 695 3528 vehi
709 3456 751 3527 ad
769 3455 900 3527 villam.
919 3474 993 3525 tum
1011 3456 1053 3527 de
1069 3455 1173 3550 pratis
1188 3455 1303 3549 stipu-

332 3567 398 3637 lam
420 3558 558 3638 rastellis
580 3566 695 3669 eradi,
717 3583 816 3659 atque
838 3561 959 3634 addere
980 3560 1153 3636 foenisrciae
1173 3588 1321 3637 cumu·.

332 3678 414 3750 lum.
427 3677 510 3769 Quo
524 3676 614 3749 fado
626 3674 795 3748 ficilienda
807 3691 922 3769 prata,
934 3671 1045 3763 idest,
1058 3671 1199 3749 falcibus
1211 3696 1296 3746 con-

325 3787 502 3875 frenanda,
514 3813 590 3885 quae
602 3785 779 3861 soeniseces
793 3784 1044 3892 preterierunt,
1059 3810 1098 3859 ac
1112 3783 1201 3882 quafi
1216 3786 1295 3887 her:

332 3897 376 3968 ba
396 3898 592 3971 tuberosum
612 3896 823 3995 reliquerunt
841 3899 1134 3993 campanaque
1148 3895 1295 3971 seilione
1447 3920 1452 3931 ·
1488 3886 1493 3901 ¹

334 4003 481 4079 arbitror
500 4007 625 4084 dilium
648 4005 768 4083 sicilire
790 4025 938 4105 pratum.
