3509 5084
538 523 718 597 ,nana
744 525 1001 599 austrea
1027 527 1124 641 cru.
1148 529 1204 600 111.
1288 533 1362 626 219

394 685 467 759 fieri
488 685 609 773 deber,
627 689 665 760 &
687 690 809 761 habere
830 689 953 762 cubilia
961 688 1136 778 ardiscreta,
1150 688 1294 766 teclorio
1309 691 1363 768 len·

394 815 491 882 vara,
502 820 573 892 quo
589 821 698 890 neque
713 797 866 895 serpens,
881 824 991 898 neque
1006 800 1106 872 bestia
1118 800 1278 872 accedere
1293 799 1364 874 ulla'

392 904 505 1000 poffit.
523 907 681 976 Praeterea
699 908 820 980 habere
841 909 957 980 locum
973 925 1051 981 ante
1069 907 1118 997 se,
1137 932 1210 1004 quo
1230 906 1363 1003 pastum

393 1033 515 1086 exeant
534 1015 650 1086 diebus
668 1016 800 1111 apricis.
820 1021 1012 1115 Utrumque
1029 1018 1146 1092 locum
1159 1042 1283 1114 purum
1295 1016 1361 1089 elle

393 1124 521 1198 volunt
545 1124 596 1197 hae
621 1127 826 1205 volucres'
817 1146 931 1226 rtaque
956 1126 1123 1225 pastorem
1146 1138 1260 1201 earum
1283 1149 1363 1201 cum

393 1232 571 1328 batillo
541 1235 720 1308 crrcumire
750 1255 910 1334 oportet,
933 1264 973 1312 ac
996 1238 1122 1329 stercus
1149 1218 1293 1335 tollere
1318 1259 1363 1311 ac

393 1342 619 1431 conservare;
635 1345 730 1441 quod
749 1344 844 1420 &ad
861 1320 1101 1443 agriculturam
1116 1341 1280 1414 idoneum
1294 1339 1364 1432 ella
1401 1379 1403 1385 v
1440 1340 1444 1353 '

393 1444 488 1528 asstd
508 1453 710 1526 substramen
723 1454 911 1550 pullorum.
921 1453 1052 1526 Primus
1065 1452 1129 1526 hos
1145 1453 1191 1546 Q.
1205 1453 1366 1527 Hortend
1387 1476 1390 1481 ’

393 1565 458 1636 stus
478 1564 629 1661 augurali
652 1564 798 1660 adjiciali
819 1590 921 1639 coena
944 1561 1089 1661 posuiffe
1107 1561 1240 1635 dicitur.
1266 1559 1365 1666 quocl

350 1737 352 1746 r
392 1671 507 1766 potius
522 1670 642 1743 sallum
660 1691 730 1753 tum
749 1671 911 1745 luxuriosa
924 1725 935 1757 ,
949 1691 1048 1766 quam
1067 1669 1175 1741 severi
1190 1669 1275 1742 boni
1291 1667 1363 1744 viri

389 1781 582 1860 laudabant.
598 1805 699 1879 quem
714 1779 785 1853 cito
800 1767 903 1854 secuti
917 1778 1014 1861 multi
1030 1779 1226 1852 extulerunt
1239 1802 1362 1852 eorum
1382 1777 1403 1823 ”

388 1888 514 1984 pretia,
529 1887 574 1960 ita
593 1907 725 1960 utova
740 1899 861 1981 eorum
882 1888 1029 1982 denariis
1054 1906 1204 1962 veneant
1222 1888 1360 1984 quinis,

390 1996 451 2091 ipsr
466 1997 564 2069 facile
579 1997 821 2096 quadragenis,
836 1986 918 2095 grex
939 1997 1152 2088 centenarius
1165 1995 1264 2069 facile
1278 2022 1362 2094 qua·

355 2197 357 2202 Ι
391 2111 544 2233 ‹lragena
551 2106 656 2180 millia
673 2109 826 2181 sextertia
841 2129 881 2182 ut
895 2108 1032 2196 reddat
1045 2124 1083 2178 ut
1097 2104 1234 2202 qurdem
1250 2106 1361 2178 Albu-

389 2219 456 2289 tius
475 2215 607 2310 ajebat,
630 2217 689 2289 sr
680 2244 716 2290 1n
740 2218 889 2317 singulos
909 2233 1030 2290 ternos
1047 2215 1198 2317 exigeret
1221 2215 1359 2313 pullos,
1446 2253 1448 2256 ·

389 2323 509 2422 perfici
527 2318 693 2425 sexagena
707 2328 812 2423 polle.

438 2439 513 2507 Vll.
530 2439 657 2508 Interea
679 2437 776 2509 veuit
793 2434 968 2534 apparitor
984 2433 1089 2533 Appii
1106 2460 1126 2508 3
1146 2432 1299 2525 consule,
1319 2436 1361 2511 &

389 2566 532 2641 augures
553 2542 599 2614 ait
621 2541 728 2615 citari.
750 2543 809 2616 Ille
827 2543 918 2617 foras
936 2541 1007 2616 exit
1023 2567 1042 2616 e
1057 2540 1150 2616 villa.
1174 2544 1221 2616 At
1240 2541 1275 2613 in
1290 2541 1361 2614 vil·

390 2649 457 2731 lam
481 2654 575 2727 intro
597 2654 758 2729 involant
775 2656 957 2730 columbae.
978 2656 1022 2729 de
1045 2653 1171 2755 quibus
1190 2655 1360 2727 MERULA

391 2767 505 2856 Axio,
526 2767 560 2839 Si
577 2791 729 2864 unquam
744 2780 1026 2866 περιστεροτροφεῖογ
1042 2765 1285 2869 constituiffes,
1300 2767 1360 2838 has

334 2908 337 2915 ·
391 2895 466 2949 tuas
490 2876 554 2950 elle
571 2895 724 2974 putares,
742 2877 900 2973 quamvis
925 2866 1005 2946 ferae'
1025 2874 1139 2949 effent.
1159 2874 1246 2947 Duo
1268 2873 1360 2946 enim
1386 2930 1388 2933 -

390 3010 514 3084 genera
538 3009 652 3058 earum
675 2986 709 3055 in
734 2992 998 3079 περιστεροτροφείῳ
1017 2981 1081 3053 elle
1100 2980 1219 3054 solent.
1242 2984 1361 3053 Unum

391 3094 540 3194 agreste,
561 3115 599 3166 ut
615 3093 672 3168 alii
698 3093 835 3182 dicunt,
856 3089 1014 3199 saxatile,
1035 3091 1140 3190 quod
1156 3090 1331 3163 habetur
1322 3114 1360 3163 tn

389 3202 538 3276 turribus
552 3228 591 3275 ac
604 3202 833 3276 columinibus
849 3197 966 3300 ville,
979 3224 1085 3297 aquo
1103 3199 1280 3298 appellatae
1294 3222 1360 3272 co·

390 3312 538 3432 lumba,
551 3337 628 3408 quar
641 3330 781 3409 propter
794 3311 952 3384 timorem
967 3309 1153 3381 naturalem
1167 3308 1292 3381 summa
1306 3308 1361 3381 lo
1427 3327 1429 3334 “

391 3447 431 3515 ca
446 3419 480 3490 in
503 3420 594 3493 tellis
609 3437 754 3518 captant.
777 3445 848 3518 quo
862 3417 900 3490 lit
910 3472 920 3507 ,
931 3437 969 3491 ut
985 3417 1125 3514 agrestes
1142 3416 1291 3489 maxime
1305 3415 1361 3516 *se-

391 3546 540 3624 quantur
568 3520 696 3614 t'urres,
720 3526 757 3598 in
783 3521 867 3623 qua's
892 3550 936 3598 ex
963 3532 1053 3622 agro
1074 3524 1217 3613 evolant
1245 3523 1361 3621 suapte

391 3638 535 3733 sponte,
551 3664 590 3710 ac
608 3658 767 3716 remeant.
787 3637 941 3711 Alterum
956 3660 1062 3736 genus
1079 3634 1166 3709 illud
1179 3634 1360 3709 columba·

391 3751 536 3822 rumest
558 3749 776 3838 clementius,
792 3751 886 3848 quod
902 3748 983 3821 cibo
1003 3746 1191 3820 domestico
1211 3764 1362 3820 conten·
1391 3785 1394 3791 ·
1476 3748 1478 3752 ’

391 3872 464 3926 tum
480 3855 566 3927 intra
586 3856 703 3929 limina
717 3855 826 3961 januae
841 3854 927 3930 solet
940 3855 1040 3953 pasci.
1051 3855 1121 3928 hoc
1135 3879 1239 3953 genus
1252 3853 1361 3927 maxi·

391 3989 447 4038 me
460 3966 505 4041 ell
523 3967 641 4044 colore
660 3967 751 4042 albo.
772 3964 855 4042 illud
876 3965 1018 4041 alterum
1032 3965 1157 4066 agreste
1170 3963 1239 4039 stne
1253 3963 1333 4039 albo
1342 4009 1361 4060 ,·
