3509 5084
405 552 411 562 ’
448 597 529 650 ixx
649 544 699 648 ut.
724 574 931 648 Potest
955 574 1198 647 catonis
1239 645 1282 665 ,,

387 748 389 753 ’
446 765 561 832 quoque
582 740 722 806 uirtutem
743 734 876 832 remiſse,
895 741 946 805 vel
961 739 1115 820 laxavit;
1130 737 1191 825 sed
1209 764 1275 807 non
1287 739 1403 832 secus,¹

444 875 534 939 atque
553 852 606 940 qui
614 853 750 940 primum
771 850 933 940 attingunt
951 836 1189 938 rempublicam,
1204 851 1405 941 honoremque

446 954 480 1027 ὃ
496 961 631 1051 gloriam
638 957 774 1054 fitium,
790 955 883 1053 quast
901 959 941 1024 ab
961 961 1057 1027 altero
1071 986 1184 1028 carcere
1206 962 1406 1045 incumbens,

444 1091 565 1154 operam
580 1064 678 1157 suam
694 1067 782 1135 omni
801 1066 837 1133 in
854 1091 884 1141 re
897 1065 1010 1133 amieis
1022 1066 1194 1160 civibusque
1206 1069 1336 1149 obtulit,
1350 1095 1405 1138 nec

439 1175 642 1268 patrocinia,
662 1181 714 1245 vel
727 1175 877 1244 militiam
896 1171 1081 1244 detretiaviu.

494 1290 548 1356 Ac
566 1287 722 1357 Tiberium
737 1287 953 1377 Sempronium
963 1287 1198 1378 proconsulem,
1213 1285 1251 1358 in
1273 1287 1407 1357 thacia

367 1435 388 1445 ’ν
447 1388 483 1465 ἃ
503 1398 549 1464 ad
566 1396 758 1465 Danubium
782 1419 828 1462 res
843 1416 1013 1487 gerentem,
1029 1400 1147 1487 legatus
1165 1421 1234 1466 eum
1254 1424 1288 1466 eo
1301 1394 1409 1488 profe-

447 1503 531 1590 c‘lus,
542 1503 629 1590 juvit
635 1532 651 1587 ;
662 1502 711 1570 Μ
715 1553 724 1572 .
735 1504 771 1568 Α
773 1503 879 1570 cilium
888 1504 1031 1572 tribunus
1042 1506 1176 1573 militum
1191 1508 1358 1575 comitatus
1371 1505 1411 1602 est

446 1615 552 1682 ducem
574 1614 609 1680 in
625 1611 777 1680 Gratiam
792 1609 943 1700 adversus
954 1612 1149 1680 Antiochum
1164 1614 1339 1704 Magnum,
1347 1611 1409 1704 su·

443 1750 504 1816 pra
527 1721 811 1811 omnesseeundum
825 1721 1041 1789 Hannibalern
1055 1725 1175 1813 populo
1190 1723 1335 1790 Romano
1348 1742 1409 1788 ter·

449 1832 579 1901 ribilem.
600 1831 759 1920 Siquidem
787 1829 924 1927 ulfiam,
946 1832 1059 1920 quibus
1068 1818 1192 1917 finibus
1219 1832 1319 1922 tenuit
1340 1856 1408 1897 eam

365 2023 366 2029 ἵ
450 1942 596 2008 Seleucus
616 1940 778 2020 Nicanor,
796 1965 817 2007 a
836 1940 996 2030 principio
1015 1965 1137 2008 omnem
1155 1961 1311 2028 receperat.
1331 1940 1409 2006 inde

450 2051 559 2117 multis
572 2049 756 2118 nationibus
767 2043 799 2118 Cr
809 2049 917 2118 bellico
930 2074 960 2117 ts
971 2050 1167 2119 barbarorum
1172 2047 1328 2140 subac‘lis,
1340 2049 1411 2116 ani·
1487 2090 1502 2113 ·.

450 2185 520 2230 mos
533 2154 721 2258 sessulam,
737 2161 855 2245 belhem
879 2181 918 2228 tet
936 2164 1058 2251 populo
1085 2161 1233 2227 Romano
1264 2155 1411 2246 inferret,

450 2265 541 2363 quast
548 2267 617 2357 soli
632 2265 705 2350 jam
720 2264 865 2364 parifibi
884 2267 1063 2358 aduersario
1068 2294 1085 2350 ,·
1092 2266 1203 2359 sumto
1215 2268 1286 2335 belli
1289 2264 1412 2356 specio·

442 2374 490 2467 su¹
500 2378 609 2462 titulo,
627 2374 789 2470 afferenda
807 2383 843 2446 in
856 2381 1025 2447 libertatem
1049 2378 1194 2462 Gracia,
1210 2377 1328 2467 quaid
1347 2400 1412 2442 non

412 2503 417 2517 '
451 2488 618 2583 requirebat
642 2483 777 2579 (quippe
798 2489 920 2556 liberati
940 2513 1037 2578 nuper
1056 2487 1198 2572 beneficio
1213 2486 1324 2576 populi
1342 2484 1412 2550 Ro-

451 2594 541 2660 mani
566 2618 587 2660 a
611 2595 760 2684 Philippo
780 2591 1157 2686 &Macedonibusffieis
1180 2593 1297 2686 legibus
1323 2593 1414 2660 rive·
1508 2650 1514 2662 .

395 2765 396 2773 ,
452 2698 555 2794 bant)
574 2699 695 2788 trajecit
716 2729 784 2772 cum
802 2706 948 2775 exercitu».
963 2709 1015 2773 Ae
1034 2689 1156 2773 Gracia
1177 2699 1334 2800 confestim
1338 2701 1413 2798 slu-

453 2809 553 2912 ilibus
566 2809 688 2895 jae‘lata
709 2807 742 2882 fr
762 2812 853 2882 trecha
866 2809 956 2898 fuit,
971 2837 1039 2882 curn
1060 2837 1128 2880 earn
1150 2804 1347 2907 eorrupiffent
1351 2808 1413 2901 spe

453 2921 539 3013 regia
560 2907 796 2998 concionaious.
818 2924 919 3015 Igitur
931 2924 1024 2990 Man.
1040 2921 1170 2990 Acilius
1192 2924 1310 3013 legatos
1332 2915 1414 3015 mifit

454 3030 501 3098 ad
518 3030 677 3114 ciuitates,
695 3022 879 3121 &pleraque
898 3026 1028 3126 confilia
1048 3053 1093 3098 res
1105 3054 1205 3099 nouas
1218 3020 1413 3110 moliintium
1481 3086 1485 3094 .

458 3137 497 3206 T.
514 3138 720 3206 Flamininus
740 3128 799 3231 (ut
812 3138 926 3210 inrita
939 3138 1005 3222 ejus
1016 3139 1218 3230 exposuimus
1226 3135 1326 3234 )fine
1346 3163 1415 3206 mo·

439 3232 489 3318 ¹tu
516 3249 615 3314 tenuit
628 3245 840 3338 sclavisque:
866 3250 944 3318 Cato
957 3274 961 3281 ·
974 3249 1171 3334 Corinthios,
1191 3247 1356 3339 Patrensis
1381 3241 1414 3315 Θ

424 3400 429 3409 1
452 3354 619 3449 AEgienses
637 3353 772 3451 reprqffit.
796 3359 1140 3451 Plurimum'temporis
1160 3354 1419 3451 commoratusest

455 3464 602 3536 Athenis.
624 3464 757 3533 Dicitur
773 3489 874 3534 autern
898 3467 1000 3535 oratio
1027 3467 1164 3563 quatiam
1186 3463 1255 3552 ejus
1277 3464 1415 3563 exstare,

457 3597 552 3666 quam
569 3569 672 3640 Gracc
686 3574 731 3640 ad
740 3575 892 3664 populum
911 3574 1053 3643 habuerit
1059 3555 1079 3659 ‚⁴
1086 3575 1122 3642 in
1133 3575 1346 3642 'admiratione
1361 3595 1415 3637 ue·

455 3705 554 3753 terum
577 3676 719 3752 uirtutem
733 3678 969 3778 Athenienfium
987 3678 1155 3770 habetest,
1170 3681 1329 3769 urbemque
1337 3679 1415 3767 pul·
1459 3728 1460 3731 η

455 3785 692 3863 chritudinis&
715 3792 937 3883 amplitudinis
955 3789 1050 3880 cansa
1065 3792 1192 3879 libenter
1209 3781 1315 3883 uififfe.
1340 3787 1416 3855 Hoc

355 3952 357 3956 »
416 3965 421 3981 ,
458 3913 683 3974 tamen'retum
704 3928 767 3971 non
790 3900 917 4000 est,sed
926 3927 984 3992 per
1003 3906 1190 3992 interpretem
1209 3897 1415 4003 tslpopulum

453 4010 674 4104 Atheniensem
692 4013 880 4089 allocutus:
899 4034 965 4080 non
991 4011 1069 4100 quire
1083 4004 1271 4096 fiecultatem
1295 4003 1416 4074 haberet
1453 4076 1455 4083 ,

1398 4161 1407 4190 Ι
