<?xml version="1.0" encoding="UTF-8"?>
<!DOCTYPE html PUBLIC "-//W3C//DTD XHTML 1.0 Transitional//EN"
    "http://www.w3.org/TR/xhtml1/DTD/xhtml1-transitional.dtd">
<html xmlns="http://www.w3.org/1999/xhtml" xml:lang="en" lang="en">
 <head>
  <title>
</title>
<meta http-equiv="Content-Type" content="text/html;charset=utf-8" />
  <meta name='ocr-system' content='tesseract 3.04.00' />
  <meta name='ocr-capabilities' content='ocr_page ocr_carea ocr_par ocr_line ocrx_word'/>
</head>
<body>
  <div class='ocr_page' id='page_1' title='image "./scriptoresreiru02gesngoog_0399.png"; bbox 0 0 3509 5084; ppageno 0'>
   <div class='ocr_carea' id='block_1_1' title="bbox 542 540 1480 684">
    <p class='ocr_par' dir='ltr' id='par_1_1' title="bbox 542 540 1480 684">
     <span class='ocr_line' id='line_1_1' title="bbox 542 540 1480 684; baseline 0.004 -30"><span class='ocrx_word' id='word_1_1' title='bbox 542 580 618 654; x_wconf 76' lang='lat' dir='ltr'>uu</span> <span class='ocrx_word' id='word_1_2' title='bbox 642 580 711 652; x_wconf 76' lang='lat' dir='ltr'>ne</span> <span class='ocrx_word' id='word_1_3' title='bbox 735 578 1000 654; x_wconf 76' lang='lat' dir='ltr'>nusrrcr</span> <span class='ocrx_word' id='word_1_4' title='bbox 1025 583 1123 657; x_wconf 78' lang='lat' dir='ltr'><strong>LIB.</strong></span> <span class='ocrx_word' id='word_1_5' title='bbox 1148 571 1204 658; x_wconf 89' lang='lat' dir='ltr'>tu.</span> <span class='ocrx_word' id='word_1_6' title='bbox 1289 609 1358 684; x_wconf 77' lang='lat'>239</span> <span class='ocrx_word' id='word_1_7' title='bbox 1478 540 1480 545; x_wconf 61' lang='grc'><strong>’</strong></span> 
     </span>
    </p>
   </div>
   <div class='ocr_carea' id='block_1_2' title="bbox 361 728 1502 1396">
    <p class='ocr_par' dir='ltr' id='par_1_2' title="bbox 361 728 1502 1396">
     <span class='ocr_line' id='line_1_2' title="bbox 361 728 1375 845; baseline -0.001 -28"><span class='ocrx_word' id='word_1_8' title='bbox 361 728 364 734; x_wconf 79' lang='lat'><strong>.</strong></span> <span class='ocrx_word' id='word_1_9' title='bbox 388 741 507 817; x_wconf 79' lang='lat' dir='ltr'>{rmum</span> <span class='ocrx_word' id='word_1_10' title='bbox 529 741 571 813; x_wconf 87' lang='lat' dir='ltr'>ad</span> <span class='ocrx_word' id='word_1_11' title='bbox 592 739 763 814; x_wconf 85' lang='lat' dir='ltr'>sanitatem</span> <span class='ocrx_word' id='word_1_12' title='bbox 781 741 920 845; x_wconf 87' lang='lat' dir='ltr'>apium,</span> <span class='ocrx_word' id='word_1_13' title='bbox 934 741 979 815; x_wconf 80' lang='lat' dir='ltr'>stc</span> <span class='ocrx_word' id='word_1_14' title='bbox 994 743 1037 814; x_wconf 93' lang='lat' dir='ltr'>ad</span> <span class='ocrx_word' id='word_1_15' title='bbox 1050 741 1260 817; x_wconf 84' lang='lat' dir='ltr'>mellificium</span> <span class='ocrx_word' id='word_1_16' title='bbox 1273 742 1375 844; x_wconf 90' lang='lat' dir='ltr'>thy-</span> 
     </span>
     <span class='ocr_line' id='line_1_3' title="bbox 390 851 1502 951; baseline 0.006 -26"><span class='ocrx_word' id='word_1_17' title='bbox 390 877 496 926; x_wconf 91' lang='lat' dir='ltr'>mum</span> <span class='ocrx_word' id='word_1_18' title='bbox 512 851 656 951; x_wconf 84' lang='lat' dir='ltr'>Propter</span> <span class='ocrx_word' id='word_1_19' title='bbox 667 853 735 926; x_wconf 91' lang='lat' dir='ltr'>hoc</span> <span class='ocrx_word' id='word_1_20' title='bbox 752 853 902 936; x_wconf 86' lang='lat' dir='ltr'>Siculum</span> <span class='ocrx_word' id='word_1_21' title='bbox 920 852 987 924; x_wconf 90' lang='lat' dir='ltr'>mel</span> <span class='ocrx_word' id='word_1_22' title='bbox 1003 851 1067 924; x_wconf 90' lang='lat' dir='ltr'>fert</span> <span class='ocrx_word' id='word_1_23' title='bbox 1086 854 1252 948; x_wconf 85' lang='lat' dir='ltr'>palmam,</span> <span class='ocrx_word' id='word_1_24' title='bbox 1267 853 1364 951; x_wconf 89' lang='lat' dir='ltr'>quod</span> <span class='ocrx_word' id='word_1_25' title='bbox 1499 918 1502 932; x_wconf 43' lang='lat' dir='ltr'>r</span> 
     </span>
     <span class='ocr_line' id='line_1_4' title="bbox 390 961 1449 1064; baseline 0.002 -27"><span class='ocrx_word' id='word_1_26' title='bbox 390 962 440 1037; x_wconf 92' lang='lat' dir='ltr'>ibi</span> <span class='ocrx_word' id='word_1_27' title='bbox 460 965 616 1063; x_wconf 89' lang='lat' dir='ltr'>thymum</span> <span class='ocrx_word' id='word_1_28' title='bbox 641 961 998 1061; x_wconf 83' lang='lat' dir='ltr'>bonum&amp;frequens</span> <span class='ocrx_word' id='word_1_29' title='bbox 1017 965 1074 1038; x_wconf 87' lang='lat' dir='ltr'>est</span> <span class='ocrx_word' id='word_1_30' title='bbox 1098 970 1213 1064; x_wconf 86' lang='lat' dir='ltr'>ltaque</span> <span class='ocrx_word' id='word_1_31' title='bbox 1226 966 1362 1061; x_wconf 75' lang='lat' dir='ltr'>quidam</span> <span class='ocrx_word' id='word_1_32' title='bbox 1444 1031 1449 1039; x_wconf 85' lang='grc'><em>,</em></span> 
     </span>
     <span class='ocr_line' id='line_1_5' title="bbox 390 1075 1365 1176; baseline 0.002 -26"><span class='ocrx_word' id='word_1_33' title='bbox 390 1077 553 1174; x_wconf 83' lang='lat' dir='ltr'>thymum</span> <span class='ocrx_word' id='word_1_34' title='bbox 576 1077 793 1150; x_wconf 86' lang='lat' dir='ltr'>contundunt</span> <span class='ocrx_word' id='word_1_35' title='bbox 811 1075 847 1147; x_wconf 96' lang='lat' dir='ltr'>in</span> <span class='ocrx_word' id='word_1_36' title='bbox 876 1077 970 1173; x_wconf 76' lang='lat' dir='ltr'>pila,</span> <span class='ocrx_word' id='word_1_37' title='bbox 995 1077 1191 1151; x_wconf 88' lang='lat' dir='ltr'>&amp;diluunt</span> <span class='ocrx_word' id='word_1_38' title='bbox 1218 1079 1251 1150; x_wconf 93' lang='lat' dir='ltr'>in</span> <span class='ocrx_word' id='word_1_39' title='bbox 1277 1103 1365 1176; x_wconf 87' lang='lat' dir='ltr'>aqua</span> 
     </span>
     <span class='ocr_line' id='line_1_6' title="bbox 392 1185 1366 1284; baseline 0.003 -26"><span class='ocrx_word' id='word_1_40' title='bbox 392 1186 534 1283; x_wconf 83' lang='lat' dir='ltr'>tepida:</span> <span class='ocrx_word' id='word_1_41' title='bbox 560 1212 604 1259; x_wconf 90' lang='lat' dir='ltr'>eo</span> <span class='ocrx_word' id='word_1_42' title='bbox 630 1185 859 1284; x_wconf 83' lang='lat' dir='ltr'>conspergunt</span> <span class='ocrx_word' id='word_1_43' title='bbox 881 1187 998 1259; x_wconf 89' lang='lat' dir='ltr'>omnia</span> <span class='ocrx_word' id='word_1_44' title='bbox 1026 1186 1204 1261; x_wconf 83' lang='lat' dir='ltr'>seminaria</span> <span class='ocrx_word' id='word_1_45' title='bbox 1233 1190 1366 1262; x_wconf 72' lang='lat' dir='ltr'>consita</span> 
     </span>
     <span class='ocr_line' id='line_1_7' title="bbox 391 1293 1366 1396; baseline 0.004 -28"><span class='ocrx_word' id='word_1_46' title='bbox 391 1293 509 1390; x_wconf 89' lang='lat' dir='ltr'>apium</span> <span class='ocrx_word' id='word_1_47' title='bbox 529 1294 632 1368; x_wconf 87' lang='lat' dir='ltr'>causa.</span> <span class='ocrx_word' id='word_1_48' title='bbox 651 1296 761 1389; x_wconf 88' lang='lat' dir='ltr'>Quod</span> <span class='ocrx_word' id='word_1_49' title='bbox 780 1297 820 1368; x_wconf 87' lang='lat' dir='ltr'>ad</span> <span class='ocrx_word' id='word_1_50' title='bbox 841 1294 960 1369; x_wconf 86' lang='lat' dir='ltr'>locum</span> <span class='ocrx_word' id='word_1_51' title='bbox 983 1296 1148 1391; x_wconf 82' lang='lat' dir='ltr'>pertinet,</span> <span class='ocrx_word' id='word_1_52' title='bbox 1170 1299 1239 1371; x_wconf 91' lang='lat' dir='ltr'>hoc</span> <span class='ocrx_word' id='word_1_53' title='bbox 1260 1323 1366 1396; x_wconf 83' lang='lat' dir='ltr'>genus</span> 
     </span>
    </p>
   </div>
   <div class='ocr_carea' id='block_1_3' title="bbox 391 1403 1481 1530">
    <p class='ocr_par' dir='ltr' id='par_1_3' title="bbox 391 1403 1481 1530">
     <span class='ocr_line' id='line_1_8' title="bbox 391 1403 1481 1530; baseline 0.004 -53"><span class='ocrx_word' id='word_1_54' title='bbox 391 1405 602 1530; x_wconf 85' lang='lat' dir='ltr'>potiffimum</span> <span class='ocrx_word' id='word_1_55' title='bbox 624 1403 816 1505; x_wconf 80' lang='lat' dir='ltr'>eligendum</span> <span class='ocrx_word' id='word_1_56' title='bbox 837 1405 932 1500; x_wconf 86' lang='lat' dir='ltr'>juxta</span> <span class='ocrx_word' id='word_1_57' title='bbox 949 1407 1083 1493; x_wconf 81' lang='lat' dir='ltr'>villam3</span> <span class='ocrx_word' id='word_1_58' title='bbox 1106 1434 1179 1481; x_wconf 95' lang='lat' dir='ltr'>non</span> <span class='ocrx_word' id='word_1_59' title='bbox 1193 1433 1265 1507; x_wconf 92' lang='lat' dir='ltr'>quo</span> <span class='ocrx_word' id='word_1_60' title='bbox 1292 1434 1365 1481; x_wconf 93' lang='lat' dir='ltr'>non</span> <span class='ocrx_word' id='word_1_61' title='bbox 1434 1456 1436 1460; x_wconf 94' lang='lat'>-</span> <span class='ocrx_word' id='word_1_62' title='bbox 1476 1464 1481 1472; x_wconf 87' lang='lat'>.</span> 
     </span>
    </p>
   </div>
   <div class='ocr_carea' id='block_1_4' title="bbox 394 1514 1371 1831">
    <p class='ocr_par' dir='ltr' id='par_1_4' title="bbox 394 1514 1369 1831">
     <span class='ocr_line' id='line_1_9' title="bbox 394 1514 1367 1616; baseline 0.001 -28"><span class='ocrx_word' id='word_1_63' title='bbox 394 1514 432 1588; x_wconf 93' lang='lat' dir='ltr'>in</span> <span class='ocrx_word' id='word_1_64' title='bbox 455 1515 548 1586; x_wconf 85' lang='lat' dir='ltr'>villae</span> <span class='ocrx_word' id='word_1_65' title='bbox 571 1514 708 1611; x_wconf 76' lang='lat' dir='ltr'>porticu</span> <span class='ocrx_word' id='word_1_66' title='bbox 737 1534 877 1613; x_wconf 87' lang='lat' dir='ltr'>quoque</span> <span class='ocrx_word' id='word_1_67' title='bbox 900 1514 1039 1613; x_wconf 90' lang='lat' dir='ltr'>quidam</span> <span class='ocrx_word' id='word_1_68' title='bbox 1064 1515 1164 1616; x_wconf 90' lang='lat' dir='ltr'>(quo</span> <span class='ocrx_word' id='word_1_69' title='bbox 1188 1516 1295 1591; x_wconf 89' lang='lat' dir='ltr'>tutius</span> <span class='ocrx_word' id='word_1_70' title='bbox 1313 1519 1367 1590; x_wconf 87' lang='lat' dir='ltr'>es-</span> 
     </span>
     <span class='ocr_line' id='line_1_10' title="bbox 394 1620 1371 1721; baseline 0.005 -26"><span class='ocrx_word' id='word_1_71' title='bbox 394 1620 495 1721; x_wconf 84' lang='lat' dir='ltr'>sent)</span> <span class='ocrx_word' id='word_1_72' title='bbox 520 1622 664 1697; x_wconf 80' lang='lat' dir='ltr'>alvearia</span> <span class='ocrx_word' id='word_1_73' title='bbox 685 1623 901 1699; x_wconf 79' lang='lat' dir='ltr'><strong>collocarint.</strong></span> <span class='ocrx_word' id='word_1_74' title='bbox 924 1624 994 1698; x_wconf 87' lang='lat' dir='ltr'>Ubi</span> <span class='ocrx_word' id='word_1_75' title='bbox 1010 1625 1095 1711; x_wconf 74' lang='lat' dir='ltr'>tint,</span> <span class='ocrx_word' id='word_1_76' title='bbox 1108 1625 1165 1697; x_wconf 81' lang='lat' dir='ltr'>alii</span> <span class='ocrx_word' id='word_1_77' title='bbox 1179 1624 1309 1700; x_wconf 89' lang='lat' dir='ltr'>faciunr</span> <span class='ocrx_word' id='word_1_78' title='bbox 1322 1651 1371 1721; x_wconf 70' lang='lat' dir='ltr'>etc</span> 
     </span>
     <span class='ocr_line' id='line_1_11' title="bbox 395 1731 1369 1831; baseline 0.005 -28"><span class='ocrx_word' id='word_1_79' title='bbox 395 1731 586 1805; x_wconf 86' lang='lat' dir='ltr'>viminibus</span> <span class='ocrx_word' id='word_1_80' title='bbox 606 1734 797 1821; x_wconf 82' lang='lat' dir='ltr'>rotundas,</span> <span class='ocrx_word' id='word_1_81' title='bbox 811 1732 903 1806; x_wconf 82' lang='lat' dir='ltr'>aliie</span> <span class='ocrx_word' id='word_1_82' title='bbox 924 1732 1020 1831; x_wconf 86' lang='lat' dir='ltr'>hgno</span> <span class='ocrx_word' id='word_1_83' title='bbox 1032 1761 1071 1809; x_wconf 87' lang='lat' dir='ltr'>ac</span> <span class='ocrx_word' id='word_1_84' title='bbox 1092 1735 1298 1825; x_wconf 81' lang='lat' dir='ltr'>corticibus,</span> <span class='ocrx_word' id='word_1_85' title='bbox 1311 1736 1369 1808; x_wconf 87' lang='lat' dir='ltr'>alii</span> 
     </span>
    </p>
   </div>
   <div class='ocr_carea' id='block_1_5' title="bbox 395 1839 1477 1931">
    <p class='ocr_par' dir='ltr' id='par_1_5' title="bbox 395 1839 1477 1931">
     <span class='ocr_line' id='line_1_12' title="bbox 395 1839 1477 1931; baseline 0.006 -18"><span class='ocrx_word' id='word_1_86' title='bbox 395 1865 440 1913; x_wconf 82' lang='lat' dir='ltr'>ex</span> <span class='ocrx_word' id='word_1_87' title='bbox 458 1841 579 1915; x_wconf 89' lang='lat' dir='ltr'>arbore</span> <span class='ocrx_word' id='word_1_88' title='bbox 599 1866 711 1928; x_wconf 83' lang='lat' dir='ltr'>cava,</span> <span class='ocrx_word' id='word_1_89' title='bbox 738 1842 796 1913; x_wconf 87' lang='lat' dir='ltr'>alii</span> <span class='ocrx_word' id='word_1_90' title='bbox 821 1839 961 1931; x_wconf 70' lang='lat' dir='ltr'>ficiiles,</span> <span class='ocrx_word' id='word_1_91' title='bbox 984 1843 1040 1915; x_wconf 88' lang='lat' dir='ltr'>alii</span> <span class='ocrx_word' id='word_1_92' title='bbox 1066 1843 1167 1915; x_wconf 89' lang='lat' dir='ltr'>eriam</span> <span class='ocrx_word' id='word_1_93' title='bbox 1187 1867 1230 1916; x_wconf 84' lang='lat' dir='ltr'>ex</span> <span class='ocrx_word' id='word_1_94' title='bbox 1251 1844 1370 1918; x_wconf 70' lang='lat' dir='ltr'>ferulis</span> <span class='ocrx_word' id='word_1_95' title='bbox 1475 1860 1477 1863; x_wconf 79' lang='grc'>’</span> 
     </span>
    </p>
   </div>
   <div class='ocr_carea' id='block_1_6' title="bbox 397 1949 1371 2158">
    <p class='ocr_par' dir='ltr' id='par_1_6' title="bbox 397 1949 1371 2158">
     <span class='ocr_line' id='line_1_13' title="bbox 397 1949 1369 2049; baseline 0.005 -27"><span class='ocrx_word' id='word_1_96' title='bbox 397 1953 576 2049; x_wconf 85' lang='lat' dir='ltr'>quadratas</span> <span class='ocrx_word' id='word_1_97' title='bbox 589 1951 706 2047; x_wconf 81' lang='lat' dir='ltr'>longas</span> <span class='ocrx_word' id='word_1_98' title='bbox 721 1949 856 2024; x_wconf 85' lang='lat' dir='ltr'>circiter</span> <span class='ocrx_word' id='word_1_99' title='bbox 869 1951 970 2047; x_wconf 85' lang='lat' dir='ltr'>pedes</span> <span class='ocrx_word' id='word_1_100' title='bbox 982 1971 1122 2039; x_wconf 87' lang='lat' dir='ltr'>ternos,</span> <span class='ocrx_word' id='word_1_101' title='bbox 1137 1951 1219 2025; x_wconf 88' lang='lat' dir='ltr'>latas</span> <span class='ocrx_word' id='word_1_102' title='bbox 1235 1955 1369 2047; x_wconf 89' lang='lat' dir='ltr'>pedem,</span> 
     </span>
     <span class='ocr_line' id='line_1_14' title="bbox 398 2058 1371 2158; baseline 0.002 -21"><span class='ocrx_word' id='word_1_103' title='bbox 398 2058 456 2137; x_wconf 81' lang='lat' dir='ltr'>sed</span> <span class='ocrx_word' id='word_1_104' title='bbox 479 2058 551 2149; x_wconf 83' lang='lat' dir='ltr'>ita,</span> <span class='ocrx_word' id='word_1_105' title='bbox 577 2060 627 2132; x_wconf 89' lang='lat' dir='ltr'>uti</span> <span class='ocrx_word' id='word_1_106' title='bbox 652 2083 731 2132; x_wconf 93' lang='lat' dir='ltr'>cum</span> <span class='ocrx_word' id='word_1_107' title='bbox 751 2085 868 2157; x_wconf 90' lang='lat' dir='ltr'>parum</span> <span class='ocrx_word' id='word_1_108' title='bbox 899 2059 962 2149; x_wconf 84' lang='lat' dir='ltr'>stt,</span> <span class='ocrx_word' id='word_1_109' title='bbox 981 2086 1047 2157; x_wconf 86' lang='lat' dir='ltr'>qua</span> <span class='ocrx_word' id='word_1_110' title='bbox 1069 2061 1289 2158; x_wconf 86' lang='lat' dir='ltr'>compleant,</span> <span class='ocrx_word' id='word_1_111' title='bbox 1315 2090 1371 2140; x_wconf 88' lang='lat' dir='ltr'>eas</span> 
     </span>
    </p>
   </div>
   <div class='ocr_carea' id='block_1_7' title="bbox 400 2170 1482 2269">
    <p class='ocr_par' dir='ltr' id='par_1_7' title="bbox 400 2170 1482 2269">
     <span class='ocr_line' id='line_1_15' title="bbox 400 2170 1482 2269; baseline -0.006 -23"><span class='ocrx_word' id='word_1_112' title='bbox 400 2170 641 2269; x_wconf 85' lang='lat' dir='ltr'>coangustent,</span> <span class='ocrx_word' id='word_1_113' title='bbox 657 2196 700 2244; x_wconf 90' lang='lat' dir='ltr'>ne</span> <span class='ocrx_word' id='word_1_114' title='bbox 717 2170 752 2242; x_wconf 92' lang='lat' dir='ltr'>in</span> <span class='ocrx_word' id='word_1_115' title='bbox 763 2171 863 2244; x_wconf 53' lang='lat' dir='ltr'>&lt;vasso</span> <span class='ocrx_word' id='word_1_116' title='bbox 878 2171 961 2243; x_wconf 92' lang='lat' dir='ltr'>loco</span> <span class='ocrx_word' id='word_1_117' title='bbox 975 2175 1013 2245; x_wconf 77' lang='grc' dir='ltr'>δι</span> <span class='ocrx_word' id='word_1_118' title='bbox 1031 2171 1124 2243; x_wconf 90' lang='lat' dir='ltr'>inani</span> <span class='ocrx_word' id='word_1_119' title='bbox 1139 2171 1372 2268; x_wconf 86' lang='lat' dir='ltr'>despondeant</span> <span class='ocrx_word' id='word_1_120' title='bbox 1477 2232 1482 2240; x_wconf 33' lang='lat' dir='ltr'><strong><em>s</em></strong></span> 
     </span>
    </p>
   </div>
   <div class='ocr_carea' id='block_1_8' title="bbox 401 2280 1373 2373">
    <p class='ocr_par' dir='ltr' id='par_1_8' title="bbox 401 2280 1373 2373">
     <span class='ocr_line' id='line_1_16' title="bbox 401 2280 1373 2373; baseline -0.003 -16"><span class='ocrx_word' id='word_1_121' title='bbox 401 2281 564 2357; x_wconf 87' lang='lat' dir='ltr'>animum</span> <span class='ocrx_word' id='word_1_122' title='bbox 589 2282 662 2355; x_wconf 83' lang='lat' dir='ltr'>haec</span> <span class='ocrx_word' id='word_1_123' title='bbox 676 2281 795 2355; x_wconf 85' lang='lat' dir='ltr'>omnia</span> <span class='ocrx_word' id='word_1_124' title='bbox 811 2303 941 2356; x_wconf 85' lang='lat' dir='ltr'>vocant</span> <span class='ocrx_word' id='word_1_125' title='bbox 957 2283 1097 2355; x_wconf 88' lang='lat' dir='ltr'>amellis</span> <span class='ocrx_word' id='word_1_126' title='bbox 1117 2282 1306 2373; x_wconf 84' lang='lat' dir='ltr'>alimonio,</span> <span class='ocrx_word' id='word_1_127' title='bbox 1321 2280 1373 2356; x_wconf 83' lang='lat' dir='ltr'>al-</span> 
     </span>
    </p>
   </div>
   <div class='ocr_carea' id='block_1_9' title="bbox 401 2391 1491 2493">
    <p class='ocr_par' dir='ltr' id='par_1_9' title="bbox 401 2391 1491 2493">
     <span class='ocr_line' id='line_1_17' title="bbox 401 2391 1491 2493; baseline -0.003 -26"><span class='ocrx_word' id='word_1_128' title='bbox 401 2417 492 2467; x_wconf 84' lang='lat' dir='ltr'>vos:</span> <span class='ocrx_word' id='word_1_129' title='bbox 507 2418 590 2491; x_wconf 88' lang='lat' dir='ltr'>quas</span> <span class='ocrx_word' id='word_1_130' title='bbox 612 2394 691 2467; x_wconf 92' lang='lat' dir='ltr'>ideo</span> <span class='ocrx_word' id='word_1_131' title='bbox 713 2393 875 2465; x_wconf 86' lang='lat' dir='ltr'>videntur</span> <span class='ocrx_word' id='word_1_132' title='bbox 899 2393 1027 2465; x_wconf 82' lang='lat' dir='ltr'>medias</span> <span class='ocrx_word' id='word_1_133' title='bbox 1048 2391 1159 2466; x_wconf 91' lang='lat' dir='ltr'>facere</span> <span class='ocrx_word' id='word_1_134' title='bbox 1184 2391 1373 2493; x_wconf 81' lang='lat' dir='ltr'>angustiffi·</span> <span class='ocrx_word' id='word_1_135' title='bbox 1458 2400 1491 2471; x_wconf 73' lang='grc'>,“</span> 
     </span>
    </p>
   </div>
   <div class='ocr_carea' id='block_1_10' title="bbox 399 2499 1465 3262">
    <p class='ocr_par' dir='ltr' id='par_1_10' title="bbox 399 2499 1465 3253">
     <span class='ocr_line' id='line_1_18' title="bbox 399 2499 1373 2600; baseline -0.002 -26"><span class='ocrx_word' id='word_1_136' title='bbox 399 2527 496 2589; x_wconf 84' lang='lat' dir='ltr'>mas,</span> <span class='ocrx_word' id='word_1_137' title='bbox 514 2519 551 2573; x_wconf 93' lang='lat' dir='ltr'>ut</span> <span class='ocrx_word' id='word_1_138' title='bbox 570 2499 713 2600; x_wconf 82' lang='lat' dir='ltr'>figuram</span> <span class='ocrx_word' id='word_1_139' title='bbox 729 2501 905 2575; x_wconf 80' lang='lat' dir='ltr'>imitentur</span> <span class='ocrx_word' id='word_1_140' title='bbox 924 2526 1049 2576; x_wconf 88' lang='lat' dir='ltr'>earum.</span> <span class='ocrx_word' id='word_1_141' title='bbox 1066 2502 1186 2574; x_wconf 84' lang='lat' dir='ltr'>vitiles</span> <span class='ocrx_word' id='word_1_142' title='bbox 1204 2501 1290 2574; x_wconf 85' lang='lat' dir='ltr'>fimo</span> <span class='ocrx_word' id='word_1_143' title='bbox 1311 2503 1373 2572; x_wconf 90' lang='lat' dir='ltr'>bu·</span> 
     </span>
     <span class='ocr_line' id='line_1_19' title="bbox 403 2609 1375 2708; baseline 0 -26"><span class='ocrx_word' id='word_1_144' title='bbox 403 2609 489 2682; x_wconf 92' lang='lat' dir='ltr'>bulo</span> <span class='ocrx_word' id='word_1_145' title='bbox 511 2609 672 2681; x_wconf 90' lang='lat' dir='ltr'>oblinunt</span> <span class='ocrx_word' id='word_1_146' title='bbox 686 2610 794 2698; x_wconf 90' lang='lat' dir='ltr'>intus,</span> <span class='ocrx_word' id='word_1_147' title='bbox 811 2612 850 2684; x_wconf 89' lang='lat'>&amp;</span> <span class='ocrx_word' id='word_1_148' title='bbox 868 2633 965 2683; x_wconf 86' lang='lat' dir='ltr'>extra</span> <span class='ocrx_word' id='word_1_149' title='bbox 978 2663 989 2700; x_wconf 88' lang='lat'>,</span> <span class='ocrx_word' id='word_1_150' title='bbox 1003 2636 1047 2684; x_wconf 92' lang='lat' dir='ltr'>ne</span> <span class='ocrx_word' id='word_1_151' title='bbox 1062 2610 1237 2708; x_wconf 86' lang='lat' dir='ltr'>asperitate</span> <span class='ocrx_word' id='word_1_152' title='bbox 1249 2609 1375 2682; x_wconf 78' lang='lat' dir='ltr'>abster-</span> 
     </span>
     <span class='ocr_line' id='line_1_20' title="bbox 403 2719 1465 2818; baseline 0.001 -26"><span class='ocrx_word' id='word_1_153' title='bbox 403 2734 550 2794; x_wconf 84' lang='lat' dir='ltr'>reantur.</span> <span class='ocrx_word' id='word_1_154' title='bbox 571 2719 689 2818; x_wconf 85' lang='lat' dir='ltr'>easquc</span> <span class='ocrx_word' id='word_1_155' title='bbox 709 2722 810 2794; x_wconf 86' lang='lat' dir='ltr'>alvos</span> <span class='ocrx_word' id='word_1_156' title='bbox 831 2721 879 2794; x_wconf 86' lang='lat' dir='ltr'>ita</span> <span class='ocrx_word' id='word_1_157' title='bbox 901 2721 1078 2795; x_wconf 83' lang='lat' dir='ltr'>collocant</span> <span class='ocrx_word' id='word_1_158' title='bbox 1102 2722 1139 2793; x_wconf 91' lang='lat' dir='ltr'>in</span> <span class='ocrx_word' id='word_1_159' title='bbox 1164 2722 1302 2794; x_wconf 86' lang='lat' dir='ltr'>mutulis</span> <span class='ocrx_word' id='word_1_160' title='bbox 1316 2746 1375 2816; x_wconf 90' lang='lat' dir='ltr'>pa·</span> <span class='ocrx_word' id='word_1_161' title='bbox 1462 2750 1465 2754; x_wconf 39' lang='lat'>⁵</span> 
     </span>
     <span class='ocr_line' id='line_1_21' title="bbox 402 2827 1377 2928; baseline -0.001 -25"><span class='ocrx_word' id='word_1_162' title='bbox 402 2827 524 2919; x_wconf 86' lang='lat' dir='ltr'>rietis,</span> <span class='ocrx_word' id='word_1_163' title='bbox 548 2847 587 2902; x_wconf 87' lang='lat' dir='ltr'>ut</span> <span class='ocrx_word' id='word_1_164' title='bbox 610 2855 653 2902; x_wconf 91' lang='lat' dir='ltr'>ne</span> <span class='ocrx_word' id='word_1_165' title='bbox 667 2830 858 2928; x_wconf 85' lang='lat' dir='ltr'>agitentur,</span> <span class='ocrx_word' id='word_1_166' title='bbox 878 2855 968 2902; x_wconf 87' lang='lat' dir='ltr'>neve</span> <span class='ocrx_word' id='word_1_167' title='bbox 989 2830 1079 2901; x_wconf 91' lang='lat' dir='ltr'>inter</span> <span class='ocrx_word' id='word_1_168' title='bbox 1098 2829 1130 2900; x_wconf 89' lang='lat' dir='ltr'>se</span> <span class='ocrx_word' id='word_1_169' title='bbox 1148 2830 1377 2927; x_wconf 85' lang='lat' dir='ltr'>contingant,</span> 
     </span>
     <span class='ocr_line' id='line_1_22' title="bbox 404 2936 1377 3033; baseline -0.003 -22"><span class='ocrx_word' id='word_1_170' title='bbox 404 2964 484 3011; x_wconf 93' lang='lat' dir='ltr'>cum</span> <span class='ocrx_word' id='word_1_171' title='bbox 505 2939 541 3009; x_wconf 94' lang='lat' dir='ltr'>in</span> <span class='ocrx_word' id='word_1_172' title='bbox 563 2939 721 3010; x_wconf 81' lang='lat' dir='ltr'>ordinent</span> <span class='ocrx_word' id='word_1_173' title='bbox 742 2938 805 3009; x_wconf 76' lang='lat' dir='ltr'>sint</span> <span class='ocrx_word' id='word_1_174' title='bbox 820 2937 947 3032; x_wconf 74' lang='lat' dir='ltr'>positae.</span> <span class='ocrx_word' id='word_1_175' title='bbox 964 2936 1008 3007; x_wconf 87' lang='lat' dir='ltr'>fic</span> <span class='ocrx_word' id='word_1_176' title='bbox 1024 2936 1231 3009; x_wconf 83' lang='lat' dir='ltr'>intervallo</span> <span class='ocrx_word' id='word_1_177' title='bbox 1222 2956 1377 3033; x_wconf 76' lang='lat' dir='ltr'>interpo-</span> 
     </span>
     <span class='ocr_line' id='line_1_23' title="bbox 405 3032 1379 3138; baseline 0.001 -16"><span class='ocrx_word' id='word_1_178' title='bbox 405 3032 494 3137; x_wconf 85' lang='lat' dir='ltr'>srro,</span> <span class='ocrx_word' id='word_1_179' title='bbox 510 3046 652 3120; x_wconf 86' lang='lat' dir='ltr'>alterum</span> <span class='ocrx_word' id='word_1_180' title='bbox 668 3047 707 3119; x_wconf 88' lang='lat'>&amp;</span> <span class='ocrx_word' id='word_1_181' title='bbox 730 3045 869 3118; x_wconf 86' lang='lat' dir='ltr'>tertium</span> <span class='ocrx_word' id='word_1_182' title='bbox 891 3046 1047 3119; x_wconf 90' lang='lat' dir='ltr'>ordinem</span> <span class='ocrx_word' id='word_1_183' title='bbox 1071 3043 1159 3118; x_wconf 85' lang='lat' dir='ltr'>infra</span> <span class='ocrx_word' id='word_1_184' title='bbox 1178 3044 1323 3136; x_wconf 79' lang='lat' dir='ltr'>faciunt,</span> <span class='ocrx_word' id='word_1_185' title='bbox 1324 3050 1379 3138; x_wconf 87' lang='lat'>&amp;</span> 
     </span>
     <span class='ocr_line' id='line_1_24' title="bbox 407 3155 1377 3262; baseline -0.003 -32"><span class='ocrx_word' id='word_1_186' title='bbox 407 3155 505 3252; x_wconf 81' lang='lat' dir='ltr'>ajunt</span> <span class='ocrx_word' id='word_1_187' title='bbox 525 3155 640 3252; x_wconf 89' lang='lat' dir='ltr'>potius</span> <span class='ocrx_word' id='word_1_188' title='bbox 653 3156 733 3230; x_wconf 92' lang='lat' dir='ltr'>hinc</span> <span class='ocrx_word' id='word_1_189' title='bbox 751 3155 841 3228; x_wconf 90' lang='lat' dir='ltr'>demi</span> <span class='ocrx_word' id='word_1_190' title='bbox 857 3176 1039 3262; x_wconf 84' lang='lat' dir='ltr'>oportere,</span> <span class='ocrx_word' id='word_1_191' title='bbox 1054 3181 1157 3253; x_wconf 90' lang='lat' dir='ltr'>quam</span> <span class='ocrx_word' id='word_1_192' title='bbox 1178 3156 1254 3227; x_wconf 91' lang='lat' dir='ltr'>addi</span> <span class='ocrx_word' id='word_1_193' title='bbox 1273 3180 1377 3252; x_wconf 89' lang='lat' dir='ltr'>quar-</span> 
     </span>
    </p>
   </div>
   <div class='ocr_carea' id='block_1_11' title="bbox 407 3265 1379 3470">
    <p class='ocr_par' dir='ltr' id='par_1_11' title="bbox 407 3265 1379 3470">
     <span class='ocr_line' id='line_1_25' title="bbox 407 3265 1379 3366; baseline -0.001 -26"><span class='ocrx_word' id='word_1_194' title='bbox 407 3288 495 3342; x_wconf 89' lang='lat' dir='ltr'>tum.</span> <span class='ocrx_word' id='word_1_195' title='bbox 517 3266 629 3341; x_wconf 90' lang='lat' dir='ltr'>Media</span> <span class='ocrx_word' id='word_1_196' title='bbox 656 3267 763 3354; x_wconf 84' lang='lat' dir='ltr'>alv0‚</span> <span class='ocrx_word' id='word_1_197' title='bbox 785 3266 820 3339; x_wconf 93' lang='lat' dir='ltr'>in</span> <span class='ocrx_word' id='word_1_198' title='bbox 843 3294 912 3366; x_wconf 88' lang='lat' dir='ltr'>qua</span> <span class='ocrx_word' id='word_1_199' title='bbox 936 3269 1108 3339; x_wconf 88' lang='lat' dir='ltr'>introeant</span> <span class='ocrx_word' id='word_1_200' title='bbox 1130 3290 1230 3361; x_wconf 86' lang='lat' dir='ltr'>apes,</span> <span class='ocrx_word' id='word_1_201' title='bbox 1248 3265 1379 3339; x_wconf 88' lang='lat' dir='ltr'>faciunt</span> 
     </span>
     <span class='ocr_line' id='line_1_26' title="bbox 408 3374 1379 3470; baseline -0.005 -20"><span class='ocrx_word' id='word_1_202' title='bbox 408 3375 578 3450; x_wconf 86' lang='lat' dir='ltr'>foramina</span> <span class='ocrx_word' id='word_1_203' title='bbox 591 3398 695 3470; x_wconf 90' lang='lat' dir='ltr'>parva</span> <span class='ocrx_word' id='word_1_204' title='bbox 709 3375 842 3464; x_wconf 85' lang='lat' dir='ltr'>dextra,</span> <span class='ocrx_word' id='word_1_205' title='bbox 854 3401 894 3447; x_wconf 87' lang='lat' dir='ltr'>ac</span> <span class='ocrx_word' id='word_1_206' title='bbox 908 3374 1045 3446; x_wconf 71' lang='lat' dir='ltr'>sinistra.</span> <span class='ocrx_word' id='word_1_207' title='bbox 1057 3374 1110 3444; x_wconf 76' lang='lat' dir='ltr'>nd</span> <span class='ocrx_word' id='word_1_208' title='bbox 1124 3388 1295 3461; x_wconf 86' lang='lat' dir='ltr'>extrema,</span> <span class='ocrx_word' id='word_1_209' title='bbox 1310 3398 1379 3469; x_wconf 85' lang='lat' dir='ltr'>qua</span> 
     </span>
    </p>
   </div>
   <div class='ocr_carea' id='block_1_12' title="bbox 410 3482 1456 4152">
    <p class='ocr_par' dir='ltr' id='par_1_12' title="bbox 410 3482 1456 4152">
     <span class='ocr_line' id='line_1_27' title="bbox 410 3482 1418 3608; baseline -0.009 -46"><span class='ocrx_word' id='word_1_210' title='bbox 410 3484 555 3562; x_wconf 85' lang='lat' dir='ltr'>mellarii</span> <span class='ocrx_word' id='word_1_211' title='bbox 580 3485 697 3560; x_wconf 86' lang='lat' dir='ltr'>favum</span> <span class='ocrx_word' id='word_1_212' title='bbox 715 3486 865 3557; x_wconf 89' lang='lat' dir='ltr'>eximere</span> <span class='ocrx_word' id='word_1_213' title='bbox 892 3482 1056 3608; x_wconf 66' lang='lat' dir='ltr'>potsunt,</span> <span class='ocrx_word' id='word_1_214' title='bbox 1079 3482 1240 3578; x_wconf 87' lang='lat' dir='ltr'>opercula</span> <span class='ocrx_word' id='word_1_215' title='bbox 1266 3483 1378 3579; x_wconf 77' lang='lat' dir='ltr'>impp·</span> <span class='ocrx_word' id='word_1_216' title='bbox 1415 3525 1418 3530; x_wconf 96' lang='lat'>-</span> 
     </span>
     <span class='ocr_line' id='line_1_28' title="bbox 410 3592 1456 3692; baseline -0.004 -21"><span class='ocrx_word' id='word_1_217' title='bbox 410 3617 499 3671; x_wconf 92' lang='lat' dir='ltr'>nunt</span> <span class='ocrx_word' id='word_1_218' title='bbox 519 3597 615 3672; x_wconf 85' lang='lat' dir='ltr'>alvis</span> <span class='ocrx_word' id='word_1_219' title='bbox 629 3597 782 3692; x_wconf 80' lang='lat' dir='ltr'>Optimae</span> <span class='ocrx_word' id='word_1_220' title='bbox 798 3595 883 3668; x_wconf 90' lang='lat' dir='ltr'>fiunt</span> <span class='ocrx_word' id='word_1_221' title='bbox 902 3595 1082 3681; x_wconf 68' lang='lat' dir='ltr'>corticea,</span> <span class='ocrx_word' id='word_1_222' title='bbox 1096 3592 1283 3665; x_wconf 81' lang='lat' dir='ltr'>deterrimae</span> <span class='ocrx_word' id='word_1_223' title='bbox 1295 3592 1378 3668; x_wconf 70' lang='lat' dir='ltr'>ficri·</span> <span class='ocrx_word' id='word_1_224' title='bbox 1454 3674 1456 3677; x_wconf 57' lang='grc'><strong>,</strong></span> 
     </span>
     <span class='ocr_line' id='line_1_29' title="bbox 411 3703 1414 3804; baseline -0.005 -23"><span class='ocrx_word' id='word_1_225' title='bbox 411 3709 485 3796; x_wconf 85' lang='lat' dir='ltr'>les,</span> <span class='ocrx_word' id='word_1_226' title='bbox 502 3707 598 3803; x_wconf 89' lang='lat' dir='ltr'>quod</span> <span class='ocrx_word' id='word_1_227' title='bbox 616 3705 799 3804; x_wconf 87' lang='lat' dir='ltr'>&amp;frigore</span> <span class='ocrx_word' id='word_1_228' title='bbox 821 3707 952 3794; x_wconf 88' lang='lat' dir='ltr'>hieme,</span> <span class='ocrx_word' id='word_1_229' title='bbox 968 3708 1005 3778; x_wconf 88' lang='lat'>&amp;</span> <span class='ocrx_word' id='word_1_230' title='bbox 1018 3703 1128 3776; x_wconf 71' lang='lat' dir='ltr'>aune</span> <span class='ocrx_word' id='word_1_231' title='bbox 1143 3703 1256 3776; x_wconf 78' lang='lat' dir='ltr'>calore</span> <span class='ocrx_word' id='word_1_232' title='bbox 1273 3705 1381 3776; x_wconf 85' lang='lat' dir='ltr'>vehe-</span> <span class='ocrx_word' id='word_1_233' title='bbox 1409 3718 1414 3728; x_wconf 85' lang='lat'><em>&#39;</em></span> 
     </span>
     <span class='ocr_line' id='line_1_30' title="bbox 411 3783 1411 3911; baseline -0.003 -18"><span class='ocrx_word' id='word_1_234' title='bbox 411 3820 614 3893; x_wconf 83' lang='lat' dir='ltr'>menriffime</span> <span class='ocrx_word' id='word_1_235' title='bbox 638 3819 693 3892; x_wconf 90' lang='lat' dir='ltr'>hic</span> <span class='ocrx_word' id='word_1_236' title='bbox 717 3839 995 3901; x_wconf 84' lang='lat' dir='ltr'>commoventur</span> <span class='ocrx_word' id='word_1_237' title='bbox 1021 3822 1137 3889; x_wconf 87' lang='lat' dir='ltr'>Verno</span> <span class='ocrx_word' id='word_1_238' title='bbox 1161 3835 1315 3911; x_wconf 88' lang='lat' dir='ltr'>tempore</span> <span class='ocrx_word' id='word_1_239' title='bbox 1340 3783 1411 3890; x_wconf 89' lang='lat'>&amp;</span> 
     </span>
     <span class='ocr_line' id='line_1_31' title="bbox 416 3924 1381 4021; baseline -0.001 -19"><span class='ocrx_word' id='word_1_240' title='bbox 416 3930 535 4003; x_wconf 79' lang='lat' dir='ltr'>aestivo</span> <span class='ocrx_word' id='word_1_241' title='bbox 555 3930 625 4004; x_wconf 89' lang='lat' dir='ltr'>fere</span> <span class='ocrx_word' id='word_1_242' title='bbox 650 3924 700 4003; x_wconf 89' lang='lat' dir='ltr'>ter</span> <span class='ocrx_word' id='word_1_243' title='bbox 720 3931 755 4002; x_wconf 93' lang='lat' dir='ltr'>in</span> <span class='ocrx_word' id='word_1_244' title='bbox 775 3930 888 4003; x_wconf 81' lang='lat' dir='ltr'>mense</span> <span class='ocrx_word' id='word_1_245' title='bbox 910 3928 1079 4002; x_wconf 86' lang='lat' dir='ltr'>mellarius</span> <span class='ocrx_word' id='word_1_246' title='bbox 1098 3927 1260 4021; x_wconf 82' lang='lat' dir='ltr'>inspicere</span> <span class='ocrx_word' id='word_1_247' title='bbox 1281 3928 1381 4001; x_wconf 82' lang='lat' dir='ltr'>debet</span> 
     </span>
     <span class='ocr_line' id='line_1_32' title="bbox 417 4035 1422 4152; baseline -0.002 -36"><span class='ocrx_word' id='word_1_248' title='bbox 417 4044 581 4142; x_wconf 84' lang='lat' dir='ltr'>fumigans</span> <span class='ocrx_word' id='word_1_249' title='bbox 595 4042 718 4152; x_wconf 77' lang='lat' dir='ltr'>leviter¹</span> <span class='ocrx_word' id='word_1_250' title='bbox 732 4065 811 4134; x_wconf 86' lang='lat' dir='ltr'>cas,</span> <span class='ocrx_word' id='word_1_251' title='bbox 827 4038 1075 4138; x_wconf 84' lang='lat' dir='ltr'>&amp;aspurciriis</span> <span class='ocrx_word' id='word_1_252' title='bbox 1088 4061 1230 4136; x_wconf 84' lang='lat' dir='ltr'>purgare</span> <span class='ocrx_word' id='word_1_253' title='bbox 1244 4035 1380 4128; x_wconf 90' lang='lat' dir='ltr'>alvum,</span> <span class='ocrx_word' id='word_1_254' title='bbox 1419 4105 1422 4114; x_wconf 88' lang='lat'><em>.</em></span> 
     </span>
    </p>
   </div>
   <div class='ocr_carea' id='block_1_13' title="bbox 0 0 1796 5084">
    <p class='ocr_par' dir='ltr' id='par_1_13' title="bbox 0 0 1796 5084">
     <span class='ocr_line' id='line_1_33' title="bbox 0 0 1796 5084; baseline 0 0"><span class='ocrx_word' id='word_1_255' title='bbox 0 0 1796 5084; x_wconf 95' lang='lat' dir='ltr'> </span> 
     </span>
    </p>
   </div>
  </div>
 </body>
</html>
