3509 5084
450 576 672 652 Dana
722 576 1080 673 nutaret:
1209 602 1258 682 49

282 738 414 815 'eodem
444 737 551 811 modo
577 734 791 833 componito.
808 753 920 835 -atque
944 736 1085 834 spiram,
1108 736 1258 840 itemque

292 847 451 944 coquito.
584 864 592 897 s
702 872 704 877 ¹

341 946 531 1031 LXXXlll.
556 958 686 1028 Votum
702 980 766 1051 pro
786 953 914 1045 bubus,
927 974 966 1027 ut
978 956 1193 1054 valeant,src
1205 960 1262 1033 fau

291 1067 376 1142 cito,
395 1066 497 1138 Marti
511 1065 654 1136 Silvano
672 1065 706 1134 in
723 1064 806 1135 srlva
824 1063 1005 1154 interdius,
1018 1065 1054 1137 in
1070 1067 1177 1162 capita
1190 1068 1258 1140 sin·

246 1162 250 1183 ’
292 1178 372 1274 gula
394 1178 499 1248 boum
515 1191 637 1247 votum
655 1173 762 1246 facito
776 1172 873 1246 farris
891 1174 1006 1247 adorei
1027 1164 1258 1255 libras111.&
1374 1229 1375 1232 ,

292 1284 378 1357 lardi
396 1305 429 1357 Ρ.
443 1305 496 1356 lv.
517 1302 545 1354 S.
557 1283 597 1370 ³&
613 1283 722 1377 pulpae
742 1302 777 1356 Ρ.
792 1302 847 1354 lv.
862 1302 891 1355 s·
909 1283 981 1357 vini
1006 1284 1166 1359 sextarios
1179 1306 1258 1365 tres.

293 1390 333 1460 ld
348 1389 383 1459 in
407 1412 513 1461 unum
534 1409 594 1457 vas
614 1384 719 1457 liceto
734 1386 926 1479 conjicere,
942 1391 979 1462 δι
993 1389 1110 1461 vinum
1124 1392 1204 1464 item
1220 1395 1265 1466 in
1352 1416 1355 1420 ·

292 1523 403 1572 unum
424 1521 483 1571 vas
506 1497 608 1568 liceto
622 1494 804 1588 conjicere.
829 1501 908 1569 Eam
931 1524 1002 1570 tem
1023 1499 1175 1573 divinam
1200 1505 1258 1578 vel
1356 1589 1358 1592 ,

294 1611 435 1696 servus,
456 1610 511 1680 vel
534 1607 618 1679 liber
641 1600 756 1680 licebit
777 1606 887 1680 faciat.
910 1609 983 1699 Ubi
1004 1633 1055 1681 res
1073 1611 1189 1687 divina
1209 1615 1258 1698 sa·

262 1748 266 1755 ¹
295 1721 351 1799 &a
371 1719 452 1804 etit,
473 1716 580 1789 statim
601 1716 724 1788 ibidem
749 1716 952 1790 consumito.
979 1718 1104 1791 Mulier
1124 1723 1164 1794 ad
1185 1750 1258 1798 eam

272 1854 367 1909 ⁴rem
388 1828 536 1900 divinam
559 1851 601 1900 ne
624 1827 724 1916 adfrt,
744 1852 831 1903 neve
855 1828 969 1901 videat
991 1807 1259 1927 quomodo'siat.

294 1938 377 2011 Hoc
404 1952 526 2006 votum
550 1933 585 2004 in
615 1959 724 2027 annos
749 1936 917 2034 singulos,
943 1935 968 2007 st
998 1939 1116 2029 voles,
1141 1941 1257 2018 licebit

294 2070 441 2125 vovere.
1079 2109 1082 2114 .

356 2156 550 2229 LXXXlV.
576 2152 737 2226 Savillum
764 2155 836 2230 hoc‘
858 2159 964 2233 modo
989 2158 1105 2233 facito,
1130 2161 1263 2237 Farimuv

296 2265 472 2353 selibram,
496 2263 580 2337 casei
599 2285 636 2337 Ρ.
657 2283 700 2334 11.
722 2282 750 2335 S.
772 2289 845 2335 unas
860 2264 1082 2339 commisceto
1104 2270 1194 2363 quast
1215 2271 1259 2342 li·

296 2376 380 2448 bum
397 2372 503 2445 mellis
519 2396 550 2445 Ρ.
564 2381 663 2458 Ξ-
675 2373 712 2445 &
731 2395 839 2444 ovum
855 2398 970 2445 unum.
985 2376 1143 2449 Carinum
1158 2375 1260 2452 fietile

276 2480 380 2586 'oleo
405 2479 561 2576 unguito.
587 2477 655 2550 Ubi
680 2479 795 2550 omnia
822 2478 909 2552 bene
932 2483 1199 2575 commiscueris,
1223 2485 1260 2558 in
1306 2473 1320 2554 'f
1381 2477 1385 2486 ’
1460 2574 1463 2581 Ι

299 2587 448 2671 catinum
466 2574 586 2659 indito.
606 2587 767 2658 Catinum
790 2604 888 2659 texto
912 2590 1058 2683 operito.
1082 2591 1199 2664 videto
1223 2615 1261 2665 ut
1317 2581 1319 2584 ⁵

299 2701 387 2775 bene
414 2722 602 2794 percoquas
629 2699 799 2787 medium,
825 2698 886 2771 ubi
910 2699 1100 2773 altisfimum
1122 2701 1179 2774 est.
1202 2703 1262 2778 ubi

300 2807 540 2901 cottonem,
554 2807 701 2880 catinum
720 2807 882 2896 eximito,
905 2809 1003 2879 melle
1023 2809 1186 2904 unguito,
1200 2836 1263 2905 pa·

300 2941 409 3017 pavet
429 2916 566 2990 infriato
578 2969 589 3005 ,
602 2915 661 2986 sub
681 2934 811 2988 textum
833 2914 934 2986 subde
949 2914 1133 3010 paulisper,
1147 2918 1263 3014 poslea

287 3016 455 3101 eximito.
474 3025 520 3095 ita
537 3049 628 3119 pone
644 3048 719 3096 cum
738 3021 851 3097 catillo
864 3074 875 3109 ,
889 3024 927 3094 &
940 3021 1084 3118 lingulis.
1171 3044 1173 3049 ·

348 3134 530 3208 LXXXV.
551 3134 680 3204 Pultem
703 3131 864 3204 Punicam
886 3130 932 3204 fic
949 3131 1104 3229 coquito.
1127 3132 1270 3210 Libram
1375 3136 1378 3143 '

300 3247 398 3321 alicae
417 3244 452 3316 in
475 3269 593 3340 aquam
618 3243 750 3334 indito,
766 3242 871 3316 facito
895 3242 945 3316 uti
961 3245 1046 3317 bene
1066 3248 1206 3320 madeat.
1226 3249 1265 3321 ld

299 3352 476 3430 infundito
493 3353 529 3424 in
544 3352 676 3426 alveum
689 3379 829 3450 purum,
843 3378 886 3425 eo
901 3354 984 3426 casei
997 3357 1138 3428 recentis
1153 3375 1185 3428 Ρ.
1200 3376 1264 3429 111.
1325 3366 1329 3371 ·

300 3464 412 3539 mellis
439 3486 470 3537 Ρ.
493 3485 521 3536 s.
546 3480 653 3538 ovum
683 3491 810 3550 unum,
832 3463 949 3535 omnia
971 3491 1040 3537 una
1061 3467 1264 3562 permisceto

301 3577 400 3649 bene.
413 3576 461 3645 lta
475 3572 612 3670 insipito
626 3575 660 3646 in
677 3575 785 3646 aulam
801 3598 942 3647 novam.
993 3646 997 3656 ,

359 3677 555 3758 LXXXVI.
580 3688 749 3758 Graneam
771 3684 937 3757 triticeam
967 3657 1152 3757 fic'fac‘iro.
1167 3660 1266 3758 ¹Seli·

302 3799 399 3872 bram
420 3799 526 3870 tritici
545 3800 620 3894 puri
638 3798 674 3868 in
691 3780 892 3869 mortarium
907 3819 1027 3890 putum
1037 3794 1156 3884 indat,
1172 3796 1266 3868 lavet

303 3907 418 3992 liene,
444 3908 677 4002 corticemque
704 3906 831 3978 deterat
858 3906 964 3998 bene,
989 3904 1146 3998 eluatque
1170 3903 1267 3978 bene·
1336 3902 1343 3909 ’

303 4018 422 4092 Pollea
437 4017 471 4091 in
485 4019 593 4091 aulam
608 4017 718 4104 indat,
730 4018 769 4092 &
780 4042 900 4116 aquam
914 4040 1050 4114 puram,
1063 4030 1284 4112 coquatque..

246 4173 257 4185 ·
374 4134 500 4223 Scripta.
514 4131 556 4199 R.
573 4130 616 4201 R.
633 4133 704 4204 Vol.
718 4130 748 4203 I.
1081 4122 1120 4197 D
1193 4162 1222 4172 ··
