3509 5084
464 619 535 681 τοι
572 538 963 710 ,,Μ,-Ἱτξῐὶζ1ἐί“ιῗίι’
987 589 1285 669 vARnoms
1336 628 1339 634 ·

442 820 447 829 .
466 782 516 864 eq
524 753 631 864 {uano
650 764 739 858 dp'us
757 760 852 848 sunt,
868 785 907 832 ac
923 758 1067 830 debeant
1077 754 1144 828 'effe
1159 755 1300 830 culturae
1316 754 1433 829 causa:

300 923 328 966 ··.
359 887 365 966 ᾗ
396 888 416 972 J
434 906 443 974 3·
463 862 583 963 fiti'a',
599 899 675 970 quae
691 872 726 942 in
741 895 784 942 eo
806 869 938 965 praedio
956 868 1092 940 colendi
1108 866 1202 939 causa
1218 867 1282 938 fint
1298 866 1435 941 fa'ciun-
1504 884 1507 891 '

239 1009 242 1019 ·
264 999 269 1043 ῑ
296 989 316 1044 ‘2
330 1015 341 1057 ·.
359 978 385 1032 :'
408 990 412 1000 '
467 986 509 1055 da
524 1009 532 1055 :
546 1001 662 1078 quarta
671 1004 769 1077 ;quo
784 979 936 1076 quidque
952 997 1106 1075 tempore
1119 976 1155 1048 in
1166 1001 1210 1050 eo
1231 976 1341 1049 fundo
1360 976 1435 1050 fieri

467 1091 666 1167 conveniat.
686 1091 741 1161 De
756 1088 806 1160 his
818 1106 966 1184 quatuor
985 1085 1162 1184 generibus
1178 1084 1314 1182 fingulae
1328 1087 1437 1160 mini·

467 1227 561 1275 mum
585 1202 620 1274 in
641 1201 736 1273 binas
756 1197 957 1272 dividuntur
977 1196 1114 1291 species.
1133 1196 1226 1293 quod
1244 1195 1343 1269 habet
1360 1197 1438 1293 pri·

469 1337 525 1385 ma
546 1336 694 1407 ea,quae
715 1310 756 1382 ad
780 1307 890 1388 solum
912 1305 1085 1403 pertinent
1102 1325 1220 1395 terne,
1235 1309 1272 1380 δι
1295 1331 1371 1404 quae
1391 1309 1439 1381 ad

469 1421 569 1493 villas
591 1424 630 1495 &
648 1418 785 1492 stabula.
812 1415 956 1489 secunda
982 1440 1076 1514 pars,
1102 1442 1179 1513 quae
1205 1437 1459 1509 moveantur,

470 1547 570 1624 atque
584 1527 621 1598 in
638 1526 748 1598 fundo
762 1524 905 1597 debeant
923 1524 987 1598 effe
1007 1522 1147 1598 culturae
1160 1524 1278 1612 causa,
1290 1516 1339 1597 'est
1353 1524 1440 1600 item

445 1649 447 1653 ’
471 1638 628 1733 bipartita
641 1662 650 1709 ε
663 1637 704 1708 de
716 1635 934 1722 hominibus,
947 1660 1007 1730 per
1021 1656 1108 1731 quos
1123 1635 1326 1724 colendum,
1340 1636 1383 1726 δι,
1393 1634 1444 1707 de¹

470 1749 606 1844 reliquo
640 1746 876 1820 instrumento.
909 1746 1008 1820 tertia
1035 1753 1131 1845 pars3
1151 1771 1228 1844 quae
1251 1746 1292 1818 de
1315 1746 1440 1834 rebu5‚

467 1844 740 1952 'dividitussquae
753 1856 795 1929 ad
807 1879 979 1954 quamque
992 1878 1062 1929 rem
1075 1856 1140 1929 fint
1151 1856 1441 1953 praeparanda‚&

357 1987 360 1992 ·
471 1961 693 2061 ubiquaque
713 1962 882 2037 faciunda.
909 1981 1029 2061 quarta
1048 1988 1123 2061 pars
1144 1964 1187 2037 de
1206 1962 1441 2061 temporibus,

472 2098 549 2172 quae
567 2074 609 2148 ad
626 2072 704 2146 solis
722 2072 935 2147 circumitum
950 2098 1101 2165 annuum
1117 2075 1182 2148 fint
1195 2073 1389 2165 referenda,
1401 2078 1444 2151 &

436 2178 438 2182 Α
472 2182 550 2287 'quat
575 2189 616 2259 ad
636 2188 725 2260 lunae
742 2185 949 2284 menssrqum
971 2187 1117 2261 cursum.
1142 2187 1200 2260 De
1219 2185 1337 2282 primis
1352 2212 1443 2284 qua-

411 2310 413 2318 '
473 2298 726 2395 tuor-partibus
747 2297 840 2395 prius
855 2295 985 2387 dicam,
998 2295 1120 2372 deinde
1133 2296 1286 2398 subtilius
1299 2297 1342 2370 de
1358 2297 1445 2370 oao

474 2409 645 2485 fecundis.
859 2412 864 2429 '

526 2522 585 2590 Vl.
607 2518 713 2615 Igitur
731 2514 879 2612 primum
898 2518 940 2591 de
959 2515 1036 2591 solo
1054 2515 1151 2591 fundi
1168 2515 1354 2590 videndum
1368 2516 1447 2590 haec
1507 2573 1511 2578 -

474 2645 626 2724 quatuor
639 2650 647 2695 :
658 2652 736 2722 quae
748 2627 788 2698 fit
799 2625 927 2715 forma,
942 2652 1013 2726 quo
1027 2626 1062 2698 in
1075 2652 1196 2725 genere
1210 2645 1321 2717 terrae,
1331 2652 1447 2724 quan·

475 2757 551 2830 tus,
562 2765 660 2835 quam
675 2765 735 2836 per
749 2739 780 2813 se
791 2759 892 2815 tutus.
905 2734 1037 2814 For'mae
1050 2764 1127 2812 cum
1142 2740 1211 2811 duo
1224 2764 1346 2836 genera
1361 2740 1446 2831 fint,
1468 2798 1471 2806 .

475 2874 567 2940 una,
581 2875 680 2948 quam
697 2866 815 2923 natura
830 2851 905 2939 dat,
918 2849 1041 2937 altera,
1053 2872 1156 2946 *quam
1168 2846 1312 2920 sationes
1324 2847 1448 2944 impo-

474 2981 586 3033 nunt:
603 2961 719 3054 prior,
733 2961 830 3058 quod
839 2958 927 3055 'alius
945 2983 1022 3058 ager
1040 2959 1125 3030 bene
1140 2974 1256 3047 natus,
1271 2955 1355 3029 alius
1369 2981 1447 3030 ma·

475 3070 528 3155 le3
543 3069 728 3163 posterior,
748 3071 843 3169 quod
864 3068 949 3143 alius
968 3068 1094 3141 fundus
1107 3068 1193 3140 bene
1213 3066 1361 3142 confitus
1376 3065 1445 3149 esta

460 3177 564 3250 alius
581 3175 692 3250 mal'e':
709 3180 817 3257 dicam
835 3179 928 3275 prius
941 3179 983 3251 de
999 3170 1151 3252 naturast.
1171 3177 1275 3275 Igitur
1287 3203 1366 3251 cum
1379 3179 1446 3273 tria

441 3309 446 3326 ·
476 3314 600 3388 genera
615 3290 678 3364 fint
694 3317 712 3366 a
730 3291 839 3388 specie
858 3288 1022 3384 fimplicia
1041 3312 1222 3385 agrorum„
1242 3276 1446 3386 campeffre,

475 3400 662 3490 collinum,
675 3407 712 3478 &
731 3420 955 3489 montanum,
969 3399 1017 3473 est
1030 3424 1073 3472 ex
1087 3397 1128 3473 iis
1144 3398 1252 3472 tribus
1266 3420 1445 3497 quartum,

475 3498 518 3584 ht
538 3513 573 3582 in
594 3537 637 3585 eo
653 3514 785 3602 fundo,
799 3514 835 3585 in
853 3537 927 3615 quq
946 3512 1021 3586 haec
1040 3512 1110 3585 duo
1131 3512 1190 3585 vel
1211 3512 1274 3584 tria
1297 3510 1391 3602 sunt,
1407 3532 1447 3584 ut

391 3631 393 3634 ’
477 3621 595 3696 multis
621 3622 707 3696 locis
735 3622 814 3694 licet
838 3620 959 3694 videri.
986 3625 1014 3693 E
1034 3621 1157 3719 quibus
1180 3620 1287 3693 tribus
1309 3619 1448 3718 fastigiis

477 3731 710 3827 fimplicibus‚
728 3731 797 3801 fine'
814 3729 923 3800 dubio
939 3728 1064 3802 infimis
1077 3729 1142 3804 alia
1162 3728 1290 3804 cultura
1310 3728 1449 3825 aptius,

480 3864 584 3935 quam
603 3840 759 3931 summis,
776 3830 873 3939 quod
891 3843 964 3914 haec
978 3842 1155 3926 calidiora,
1169 3868 1269 3942 quam
1290 3843 1420 3916 summa
1435 3869 1465 3930 :¹

478 3949 527 4021 fic
550 3952 707 4041 collinis,
732 3952 831 4051 quod
850 3977 889 4027 ea
904 3952 1087 4047 tepidiora‚
1107 3951 1363 4053 qpamjnfima,
1386 3965 1447 4026 aut

465 4055 618 4172 ¹summa.
642 4065 726 4175 Haec
743 4059 1034 4168 'apparentmag'm
1055 4066 1102 4142 ita
1126 4065 1190 4143 effe
1214 4065 1252 4141 in
1268 4067 1452 4152 latioribus
