3509 5084
447 586 492 655 14
592 548 1294 639 u.t>0ncru·scnto

445 726 586 801 amicos.
598 722 668 797 Cui
681 720 783 815 jussus
797 722 868 809 siet,
883 722 1059 799 auscultet.
1071 724 1158 797 Rem
1170 725 1342 818 divinam,
1352 708 1415 805 nili

442 834 684 929 compitalibus
700 834 737 905 in
751 836 932 930 compito,
945 835 1051 907 autin
1065 834 1148 909 soco
1166 861 1209 909 ne
1224 837 1339 913 faciat.
1355 843 1415 911 In·

440 945 526 1043 jussu
548 945 681 1017 domini
704 945 818 1016 credar
833 944 973 1017 nemini.
997 946 1107 1038 Quod
1128 947 1288 1023 dominus
1301 951 1415 1025 credi-

442 1057 556 1146 derit,
577 1055 697 1153 exigat.
722 1057 816 1127 Satui
838 1053 976 1140 semen,
997 1055 1144 1147 cibaria,
1168 1055 1219 1130 sar
1230 1112 1243 1146 ,
1264 1058 1414 1150 vinum,

428 1170 556 1242 oleum
580 1186 736 1240 mutuum
751 1165 882 1237 dederit
903 1164 1043 1241 nemini.
1069 1168 1170 1241 Duas
1191 1187 1249 1243 aut
1265 1188 1336 1246 tres
1359 1172 1415 1244 sa·

439 1281 551 1353 milias
571 1278 713 1359 babeat,
727 1275 819 1349 unde
842 1276 967 1348 utenda
990 1294 1110 1389 roget,
1124 1281 1162 1354 dc
1183 1280 1306 1375 quibus
1331 1283 1416 1356 det:

437 1411 602 1489 praeterea
614 1387 753 1460 nemini.
768 1385 951 1459 Rationem
966 1412 1043 1459 cum
1056 1387 1201 1461 domino
1215 1392 1337 1463 crebro
1351 1418 1415 1487 pu·

439 1521 500 1574 ter.
524 1498 759 1594 Operarium,
781 1495 1050 1585 mercenarium,
1078 1497 1265 1591 politorem
1285 1501 1413 1576 diutius

440 1610 585 1682 eundem
599 1631 641 1677 ne
652 1604 772 1675 habeat
786 1602 851 1675 die.
867 1604 921 1674 Ne
931 1602 1015 1698 quid
1023 1603 1136 1675 emisse
1150 1604 1234 1676 velit
1247 1605 1413 1681 insciente

296 1718 300 1725 ’
350 1786 353 1792 .
438 1718 603 1805 domino,
616 1738 683 1785 neu
701 1712 784 1807 quid
803 1710 984 1783 dominum
1005 1712 1158 1786 celavisse
1176 1714 1271 1790 velit.
1284 1718 1413 1790 Parasi·

439 1848 512 1898 tum
538 1851 582 1896 ne
606 1847 707 1919 quem
730 1820 861 1893 habeat.
882 1821 1121 1918 Haruspicem‚
1138 1849 1321 1921 augurem,
1346 1828 1412 1900 ha·

438 1937 587 2024 riolum,
607 1932 805 2021 Chaldaeum
827 1956 871 2001 ne
889 1955 990 2028 quem
1007 1932 1210 2007 consuluisse
1234 1935 1328 2011 velit.
1348 1939 1411 2009 Se-

439 2064 551 2147 getem
572 2068 615 2116 ne
633 2040 808 2116 defrudet:
822 2064 899 2112 nam
917 2039 953 2113 id
968 2039 1089 2113 infelix
1110 2041 1167 2118 est.
1189 2046 1289 2139 Opus
1309 2048 1413 2119 rusti·

438 2181 517 2229 cum
531 2176 634 2226 omne
651 2150 830 2255 curetguti
849 2150 929 2225 sciat
941 2149 1072 2239 facere,
1088 2156 1125 2226 δι
1140 2152 1175 2224 id
1189 2151 1290 2227 faciat
1304 2153 1412 2253 saepe,

437 2269 519 2340 ditm
543 2290 586 2337 ne
608 2263 705 2336 lassus
726 2260 793 2335 siat.
814 2262 849 2335 Si
871 2259 1014 2351 fecerit,
1034 2260 1133 2335 scibit
1155 2262 1192 2335 in
1221 2283 1333 2337 mente
1357 2265 1413 2339 fa-

437 2376 541 2449 miliae
565 2375 651 2471 quid
674 2372 733 2444 stet
745 2427 756 2460 ,
777 2376 815 2446 &
836 2371 886 2442 illi
906 2372 1024 2442 animo
1044 2372 1198 2468 aequiore
1218 2374 1356 2450 sacient.
1384 2377 1411 2450 fi

438 2490 509 2560 hoc
530 2484 653 2570 saciet,
667 2482 778 2553 minus
797 2480 917 2552 libebit
935 2482 1129 2571 ambulare,
1143 2486 1180 2555 δι
1203 2486 1332 2558 valebit
1353 2516 1413 2562 re·

437 2595 595 2682 dium&
616 2590 778 2662 dormibit
798 2590 969 2664 libentius.
982 2593 1115 2664 Primus
1136 2595 1254 2667 cubitu
1278 2596 1412 2697 surgat,
1475 2631 1477 2636 ·

435 2704 624 2802 postremus
639 2699 790 2774 cubitum
809 2720 873 2772 ear.
894 2702 987 2797 prius
1004 2702 1123 2774 villam
1138 2704 1272 2795 videat,
1296 2708 1410 2784 clausa
1495 2716 1497 2720 ’

436 2817 487 2889 uti
506 2815 583 2893 stet,
599 2810 701 2886 &uti
721 2809 782 2882 suo
802 2808 942 2909 quisque
965 2812 1049 2885 loco
1069 2814 1195 2900 cubet,
1215 2818 1254 2888 δι
1278 2817 1330 2888 uti
1352 2816 1410 2911 ju..

436 2942 550 2999 menta
572 2922 733 3020 pabulum
753 2921 916 2993 habeanta
932 2923 1049 2994 Boves
1070 2922 1215 2996 maxima
1233 2925 1408 3024 diligentia

436 3058 572 3114 curatos
594 3030 730 3109 habeto.
757 3034 913 3110 bubulcis
940 3035 1160 3133 obsequitur,
1187 3036 1309 3132 partim
1334 3063 1409 3135 quo

366 3152 371 3163 '
434 3149 595 3222 libentius
620 3149 729 3218 boves
753 3165 885 3219 curent.
911 3150 1032 3220 A'ratra
1056 3148 1279 3245 vomeresque
1298 3147 1407 3225 facito

434 3261 486 3334 uri
505 3246 619 3332 bonos
632 3259 919 3331 habeassTerram
934 3259 1098 3330 cariosam
1118 3284 1243 3332 caveto
1259 3290 1301 3334 ne
1316 3288 1408 3355 ares,

435 3398 527 3447 neve
543 3371 729 3468 plostrum,
747 3396 836 3443 neve
849 3396 954 3466 pecus
970 3372 1134 3468 impellas.
1150 3373 1183 3444 Si
1197 3373 1242 3445 ita
1259 3401 1331 3447 non
1348 3372 1408 3449 cass·

436 3476 549 3567 ueris,
566 3507 637 3579 quo
655 3482 849 3579 impuleris,
861 3482 1002 3555 triennii
1020 3483 1163 3557 sruelum
1183 3486 1325 3558 amittes.
1342 3489 1408 3559 Pe·
1489 3477 1493 3487 ’

290 3662 297 3679 ,
375 3644 381 3659 ι
437 3594 514 3670 cori
534 3597 572 3668 δι
591 3594 699 3666 bubus
715 3596 896 3693 diligenter
917 3595 1166 3685 substernarur3
1189 3600 1323 3694 ungulae
1345 3624 1409 3670 cu·

438 3726 566 3779 rentur.
587 3704 741 3777 Scabiem
763 3707 880 3799 pecori
905 3706 1123 3797 &jumentis
1149 3726 1282 3782 caveto.
1305 3707 1340 3776 id
1362 3733 1407 3780 ex

437 3812 887 3910 same‚'&siimpluit‚sieri
904 3813 998 3887 solet.
1009 3818 1125 3909 Opera
1143 3808 1256 3888 omnia
1274 3834 1406 3890 mature

421 3928 598 4021 ¹conficias
615 3928 700 4003 face.
716 3954 792 4001 nam
810 3952 862 4001 res
877 3927 998 4000 rustica
1012 3929 1056 4002 stc
1073 3930 1138 4014 est,
1162 3927 1184 3996 st
1203 3951 1304 3997 unam
1332 3953 1405 4000 rem
1481 3954 1483 3959 ’

435 4032 511 4108 sero
530 4035 669 4132 seceris,
689 4038 807 4113 omnia
824 4061 929 4137 opera
950 4038 1025 4113 sero
1042 4036 1156 4115 facies.
1171 4036 1358 4109 Stramenta
1379 4035 1404 4109 sr
