3509 5084
438 584 561 641 cxxiv
676 566 728 636 Μ
750 563 954 633 Pouctt
979 561 1223 658 CATONIS

437 755 474 799 to
492 722 562 823 effer
580 729 741 795 &aarum
753 774 765 811 ,
778 726 820 792 in
841 747 984 793 carcerem
1003 744 1039 791 ut
1059 720 1277 807 conjiceretur,
1296 734 1393 817 agre,

436 836 603 929 appellaris
625 832 780 917 tribunis,
795 827 902 927 miffus
926 830 974 928 ιβ.
996 831 1130 899 Dicitur
1151 831 1252 912 Cato,
1268 859 1337 900 tum
1357 836 1394 901 in
1457 832 1458 838 '

435 942 674 1034 adolescentem,
690 942 742 1035 qui
762 939 900 1030 defunc‘li
913 941 1018 1031 patris
1043 941 1202 1008 inimicum
1223 942 1394 1011 involverat
1477 993 1481 1002 .
1507 938 1515 957 ⁸

436 1047 596 1145 infamia,
607 1047 725 1139 insono
733 1048 804 1148 post
814 1045 974 1134 judiciuin
992 1052 1199 1120 ambulantem
1220 1049 1394 1145 incidiffet,

436 1161 548 1228 &xtra
565 1161 643 1228 data
664 1153 791 1255 dixiffe.
806 1160 853 1226 ica
866 1160 1048 1248 parentibus
1066 1156 1119 1254 ιβι
1138 1165 1394 1250 parentandum,

434 1292 502 1336 non
521 1270 635 1362 agnis,
650 1294 718 1337 non
736 1267 853 1348 badis,
866 1265 930 1355 fed
947 1268 1146 1336 inimicorum
1173 1274 1308 1338 lacrimis
1331 1271 1394 1337 da·

434 1378 724 1470 mnacionibusque„
732 1377 834 1468 Atqui
844 1402 898 1444 nec
910 1377 973 1468 ipse
986 1377 1101 1469 illasus
1113 1382 1147 1447 in
1160 1382 1311 1470 republica
1323 1405 1395 1449 eva·

423 1489 476 1589 fit
487 1542 497 1575 ,
503 1488 674 1584 sedficubi
686 1488 797 1577 ansam
817 1488 956 1556 inimicis
969 1489 1127 1577 preberet,
1142 1515 1206 1559 non
1218 1490 1395 1591 desistebant

435 1626 503 1669 eum
530 1603 564 1668 in
586 1595 743 1682 judicium
770 1620 891 1686 rapere,
911 1590 946 1665 ,Cr
963 1599 1135 1688 periculum
1159 1626 1263 1669 creare.
1285 1602 1395 1669 Fertur

428 1712 529 1799 paulo
555 1707 663 1775 minus
688 1701 915 1801 quinquagesies
944 1707 1070 1798 causam
1087 1706 1239 1803 dixiffi.
1266 1736 1361 1777 unam
1380 1714 1401 1795 ,'

434 1843 560 1909 comque
573 1816 774 1916 postremam,
796 1841 901 1884 annos
925 1840 1019 1887 natus
1028 1817 1092 1909 fex
1111 1813 1144 1888 (a
1165 1819 1330 1912 oflogt‘nta.
1357 1818 1411 1886 in'

433 1953 496 2019 qua
510 1931 604 1998 etiam
616 1929 847 2017 memorandum
862 1929 945 1996 illud
957 1910 1189 2024 pronuntiaffl,
1205 1929 1308 1998 Graue
1319 1921 1409 2023 effe,

433 2057 523 2121 turn,
539 2037 593 2127 qui
612 2060 679 2104 tum
693 2034 768 2102 aliis
786 2028 1103 2134 uixiffetlcominibtes
1114 2087 1123 2116 ‚
1136 2037 1224 2124 apud
1236 2037 1318 2104 alios
1331 2039 1395 2104 cri·

433 2148 523 2216 mina
542 2148 695 2237 depellere.
719 2145 827 2234 Neque
850 2146 901 2214 ltic
917 2129 1021 2232 finem
1033 2141 1115 2233 fecit
1136 2146 1394 2213 contentionum:

433 2259 545 2350 quippe
553 2257 744 2349 quadrienno
760 2253 829 2354 post
845 2255 1013 2325 Seruilium
1037 2253 1175 2324 Galbam
1186 2278 1396 2354 annosnatus

300 2384 309 2423 ἲ
329 2442 332 2454 q
434 2365 611 2459 nonaginta
631 2363 799 2454 accusavit.
826 2364 986 2453 Siquidem
998 2388 1094 2454 prope
1115 2366 1161 2432 ad
1179 2367 1302 2433 tertiam
1320 2386 1403 2433 aeta··

433 2466 606 2565 tem‚stcut
631 2472 761 2570 Nestor,
782 2471 849 2537 uita
871 2464 905 2538 ἃ
928 2466 1103 2540 aflinnibus
1115 2475 1267 2561 pervenit.
1291 2473 1395 2540 Nam·

423 2605 490 2670 ,que
502 2604 572 2647 eum
587 2575 745 2666 Africano
764 2573 900 2663 majore,
912 2601 948 2645 ut
960 2576 1106 2678 estsupra
1117 2579 1254 2664 diflum,
1268 2579 1395 2671 magnis

388 2754 390 2759 .
434 2687 681 2758 contentionibus
703 2689 739 2755 itt
752 2686 907 2777 republica
927 2686 1061 2771 beabitis,
1070 2689 1224 2779 pertinuit
1236 2689 1282 2757 ad
1292 2686 1395 2777 Afri·

434 2823 547 2868 canum
563 2797 736 2883 minorem,
756 2795 809 2888 qui
814 2793 886 2883 fuit
904 2795 992 2866 illius
1004 2796 1171 2888 adoptione
1183 2823 1278 2888 nepos
1287 2849 1298 2885 ,
1301 2799 1394 2888 filius

433 2907 564 2994 Paulli,
578 2907 633 3000 qui
653 2901 846 2997 Perseum&
865 2907 1058 2978 Macedonas
1075 2909 1249 2978 debellauit.
1301 2918 1304 2930 '

494 3019 613 3088 Decem
635 3005 732 3086 annis
752 3015 821 3115 post
843 3015 1036 3108 consulatum
1052 3017 1164 3110 petiuit
1182 3018 1260 3086 Cato
1282 3019 1393 3110 censit-

433 3153 512 3198 ram.
531 3126 702 3224 Fafligium
725 3129 882 3218 quoddam
899 3128 939 3224 est
956 3129 1014 3198 lcic·
1025 3128 1223 3228 magistratus
1242 3128 1392 3197 ltonorum

433 3231 641 3320 omnium&
663 3236 893 3327 quodammodo
915 3239 1057 3306 omnium
1073 3239 1110 3306 in
1127 3235 1393 3329 republica'allio·

433 3372 508 3416 num
526 3346 771 3439 consummatio:
782 3338 998 3442 profulgctque
1020 3376 1089 3419 cum
1106 3351 1227 3442 ingenti
1241 3353 1309 3419 alia
1330 3376 1392 3420 au·

433 3453 593 3538 ilotitate,
614 3478 680 3524 turn
693 3481 813 3525 morum
835 3450 957 3526 &uita
970 3453 1108 3544 judicio.
1129 3459 1237 3550 Neque
1249 3459 1396 3527 enim'uel

432 3563 691 3651 matrimonium,
704 3568 757 3634 uel
768 3563 889 3653 sobolis
899 3568 1157 3658 procreationem,
1170 3573 1222 3636 uel
1235 3566 1392 3658 quotidia-

432 3697 510 3742 num
532 3670 668 3754 riflum,
690 3676 742 3773 uel
757 3673 936 3748 convivium
943 3673 1091 3763 solutum
1105 3667 1138 3743 δ’
1153 3676 1278 3744 liberum
1295 3675 1392 3742 inda·

327 3781 337 3793 ”
431 3781 524 3874 gine,
536 3809 600 3875 qua
617 3780 765 3873 cujusque
781 3783 879 3857 libido
893 3778 1178 3882 &irtslitutumfit,
1195 3785 1391 3854 arbitraban·
1418 3797 1422 3807 “

433 3912 486 3958 tur
492 3892 795 3980 pratemtittendum.
808 3885 907 3984 Quod
917 3914 1019 3964 autem
1029 3898 1120 3988 longe
1130 3893 1232 3963 ex'ltis
1247 3894 1392 3980 acutius,

433 4024 529 4088 quam
542 4029 583 4074 ex
591 4003 732 4098 publicis
750 3997 783 4076 lc
805 4003 950 4086 ciuilibus
965 4004 1138 4078 cilionibus
1147 4055 1160 4097 ,
1171 4029 1270 4076 mores
1288 4003 1392 4084 Ιιοηιὶε
