3509 5084
485 568 581 637 exvr
700 571 751 637 M.
777 569 977 638 tonctr
1003 573 1291 650 caronis·
1334 566 1336 571 ’
1405 534 1423 629 ·³

482 735 567 806 uiam
588 734 744 825 ignorent,
751 729 873 822 semper
891 757 1016 823 cupere,
1037 761 1076 804 ne
1088 761 1205 822 errent,
1220 743 1354 815 incedere
1365 740 1437 818 'curn
1486 757 1490 765 '

480 845 644 918 libioribus.
666 843 850 931 Increpabat
869 844 967 926 cives,
982 848 1067 935 quod
1077 848 1176 916 crebro
1192 855 1312 922 eosdem
1324 858 1451 947 consu·

479 964 523 1029 les
552 954 752 1052 defiguarent.
781 955 997 1041 Videbimini,
1024 958 1150 1050 inquit,
1164 983 1220 1030 aut
1241 989 1307 1032 non
1329 973 1439 1062 magni

479 1069 765 1161 consulatum,aut
784 1090 849 1134 non
870 1071 988 1136 multos
1011 1069 1176 1160 consulatu
1197 1075 1299 1143 ducere
1316 1079 1439 1168 dignosc

478 1183 536 1253 De
554 1181 690 1272 quodam
706 1178 835 1246 inimico
851 1174 934 1265 fito,
948 1179 1004 1267 qui
1016 1181 1145 1270 turpiter
1161 1175 1286 1272 &foede
1298 1187 1437 1276 vivebat,

476 1288 611 1376 Hujus,
625 1289 750 1380 inquit,
767 1306 864 1353 rnater
872 1284 1175 1375 pro'exseetatione,
1192 1317 1258 1361 non
1270 1317 1359 1381 uoto,
1373 1323 1438 1387 pu·

475 1427 524 1476 tat
539 1402 640 1495 ipsum
652 1396 842 1497 superstitem
863 1394 1037 1486 relinquere.
1064 1397 1256 1490 Quendam,
1273 1405 1327 1497 qui
1343 1431 1437 1498 agros

470 1518 618 1610 paternos
636 1511 682 1577 ad
702 1532 785 1574 mare
794 1503 879 1598 ficos
905 1511 1158 1598 venundederat,
1173 1515 1368 1615 monstrans,
1385 1520 1436 1587 ele·

420 1707 424 1716 Ι
472 1623 585 1696 mitari
607 1618 762 1686 emulabat
770 1638 921 1708 tanquam
927 1621 1040 1710 pelago
1053 1623 1244 1691 ualidiorem.
1261 1624 1339 1714 Qun
1352 1629 1435 1694 enirn

433 1794 438 1806 .
471 1733 555 1804 illud
570 1753 643 1821 agre
667 1727 799 1809 lambit,
817 1727 869 1794 leit
879 1722 1004 1814 facile,
1026 1730 1152 1820 inquit,
1165 1733 1334 1803 devorant.
1355 1737 1432 1804 Curre

470 1863 567 1932 regern
583 1837 771 1919 Eumenem,
783 1834 837 1925 qui
850 1835 988 1903 Romam
1005 1860 1148 1923 venerat,
1163 1842 1307 1909 maximo
1319 1843 1433 1911 nonore

467 1943 627 2047 exceptffee
638 1947 793 2040 senatus,
802 1947 1016 2040 principesque
1031 1976 1098 2019 eum
1120 1953 1257 2022 certatim
1271 1955 1433 2044 amplecle·

468 2083 586 2142 rentur,
601 2085 665 2128 non
689 2055 896 2152 diffimulauit
920 2059 1066 2149 Cato,se
1078 2058 1256 2152 suspec'lum
1281 2087 1349 2130 eum
1369 2063 1430 2130 ba·

467 2172 532 2239 bere
551 2189 642 2258 atque
653 2165 799 2258 aversari.
820 2168 871 2235 eui
884 2193 952 2235 curn
973 2167 1084 2237 diceret
1095 2171 1247 2260 quidam,
1261 2174 1363 2264 Atqui
1376 2173 1429 2240 bo·

467 2277 528 2349 nus
550 2276 591 2376 est
609 2270 771 2365 &populi
791 2274 928 2343 Rotnani
948 2276 1078 2364 cupidus
1089 2301 1105 2358 ;
1122 2279 1175 2345 Sit
1185 2275 1288 2366 sane,
1304 2281 1429 2370 inquit:
1517 2279 1520 2283 ’

467 2408 503 2457 at
519 2386 576 2454 leot
590 2384 736 2464 animal,
751 2406 823 2462 rex,
837 2403 952 2459 natura
969 2381 1010 2478 est
1026 2382 1235 2454 carnivorum.
1258 2387 1361 2475 Nemo
1381 2392 1433 2456 uel

466 2520 508 2563 ex
529 2486 750 2582 laudatiffimis
763 2491 881 2578 regibus
895 2515 964 2556 curn
980 2491 1208 2580 Epaminonda
1220 2488 1289 2586 fit,
1303 2496 1353 2561 uel
1367 2497 1427 2563 Pe·

464 2603 563 2681 tiele,
582 2603 630 2666 vel
649 2597 865 2696 Themistocle,
883 2603 932 2666 uel
951 2600 1068 2667 Manio
1091 2599 1209 2685 Curio,
1224 2604 1275 2668 uel
1295 2604 1427 2671 Hamil-

462 2736 532 2782 care
545 2761 556 2794 ,
570 2707 729 2778 Batebino
753 2710 956 2799 cognomine,
969 2706 1180 2797 conferendus.
1207 2711 1282 2779 Sibi
1303 2692 1424 2781 dictbitt

461 2820 599 2892 invidere
613 2818 757 2898 emulos,
772 2817 858 2906 quod
874 2817 1012 2907 quotidie
1025 2819 1062 2886 de
1079 2815 1181 2901 noc‘it,
1197 2812 1230 2886 Cr·
1235 2817 1425 2917 posthabitis

462 2931 641 3004 rationibus
651 2927 724 3019 fitis
738 2929 889 3018 priuatis,
905 2951 1027 2998 uacaret
1046 2931 1224 3022 reipublice.
1247 2934 1350 2999 Malle
1375 2935 1424 3001 ait
1509 2968 1513 2977 ·

460 3036 625 3128 benefaflis
637 3036 712 3127 suis
735 3063 801 3106 non
822 3039 926 3107 baberi
948 3040 1114 3125 bonorem,
1135 3067 1227 3132 quarn
1244 3065 1421 3131 peccantem

451 3153 567 3246 senon
577 3148 696 3241 puniri.
716 3151 849 3218 Veniam
867 3154 941 3254 dpre
950 3151 1044 3246 aitse
1056 3154 1198 3224 omnium
1211 3138 1331 3260 noxie,
1341 3180 1421 3247 prce·

455 3287 594 3357 torquant
602 3260 691 3353 setis.

510 3373 590 3440 Cum
611 3396 670 3442 tres
692 3377 809 3466 legatos
824 3377 963 3463 populus
984 3372 1150 3442 Romanus
1168 3374 1205 3443 in
1227 3373 1419 3465 Bithyniam

459 3475 652 3582 bestinaffet,
665 3505 795 3572 quorum
810 3506 894 3549 unus
903 3483 1036 3572 pedibus
1049 3506 1126 3575 ager
1137 3504 1219 3567 erat,
1233 3488 1311 3551 alter
1322 3482 1419 3573 'capite

457 3619 500 3664 ex
519 3593 714 3661 terebratione
739 3586 958 3680 &inscilione
982 3615 1113 3675 cauato,
1132 3595 1240 3662 tertius
1258 3593 1419 3661 uidebatur

455 3723 588 3774 aenens:
603 3701 734 3769 irridens
755 3700 855 3778 Cato,
872 3702 1054 3792 legationem
1079 3702 1128 3768 ait
1148 3699 1234 3768 mitti
1256 3725 1277 3765 a
1296 3705 1417 3789 populo

401 3880 404 3890 ,
456 3813 625 3894 Romano,
641 3833 706 3901 qua
727 3832 781 3875 nee
795 3809 911 3898 pedes,
936 3832 990 3874 nee
1011 3828 1126 3899 caput,
1146 3831 1201 3874 nec
1220 3832 1272 3874 cor
1284 3808 1414 3880 liaberet.

455 3919 512 3987 De
528 3919 687 4011 exsulibus
705 3915 836 4000 Atboja
853 3917 983 4007 Polybii
1002 3915 1096 4007 eausa
1109 3940 1130 3983 a
1151 3916 1297 4004 Scipione
1321 3918 1413 3984 inter·

449 4031 604 4120 pellaces,
617 4053 653 4100 ut
664 4051 781 4124 magna
800 4023 983 4118 disceptatio
993 4023 1065 4114 snit
1081 4028 1117 4095 in
1139 4026 1245 4116 curia,
1260 4025 1310 4094 leis
1331 4026 1411 4095 redi·
1500 4102 1503 4108 ,
