3509 5084
540 537 616 610 na
641 537 712 610 ua
737 506 997 613 tsusttcn
1023 540 1121 613 tta.
1146 540 1203 614 ιιι.
1286 566 1357 640 235

388 701 484 786 sunt,
498 724 538 773 ac
557 698 714 788 maiores.
738 684 801 773 Ha
816 698 851 770 in
871 697 995 772 soetuta
1014 698 1151 796 pariunt
1163 697 1361 772 innumera-

387 807 479 882 bilia.
499 809 623 879 Earum
643 806 756 879 semen
780 806 967 894 minutum,
983 831 1025 879 ac
1043 807 1128 910 testa
1147 807 1266 894 molli,
1282 808 1362 880 diu·'
1479 825 1482 847 ¹

388 915 550 989 turnitate
572 915 776 989 obdurescit.
800 916 935 1014 Magnis
952 916 1117 990 insulis-in
1140 918 1225 991 areis
1242 917 1358 1008 sadis,

387 1052 544 1124 magnum
570 1025 689 1098 bolum
716 1025 874 1100 deferunt
897 1027 984 1101 aeris.
1020 1031 1090 1100 Has
1114 1053 1252 1126 quoque
1274 1029 1363 1126 sagi-

351 1132 355 1139 ’
388 1161 471 1208 nare
492 1135 604 1226 solent
626 1136 694 1224 ira,
711 1154 750 1208 ut
772 1135 875 1208 ollam
900 1160 978 1209 cum
995 1135 1223 1210 foraminibus
1245 1137 1382 1210 inem-2v
1445 1200 1447 1202 ,

389 1242 476 1314 stent
500 1241 637 1337 sapa&
661 1241 769 1331 farre,
791 1242 851 1315 ubi
868 1242 1068 1338 pascantur,
1091 1268 1168 1340 quae
1192 1242 1363 1315 foramina

387 1349 531 1441 habeat,
553 1368 592 1421 ut
624 1347 752 1424 intrate
780 1373 838 1422 aer
868 1349 983 1446 possit.
1014 1349 1132 1424 Vivax
1165 1349 1258 1423 enim
1288 1349 1362 1423 haec
1428 1424 1433 1432 ,

388 1454 521 1533 natura.

438 1570 519 1641 XV.
544 1565 729 1641 Glirarium
745 1586 859 1644 autem
880 1567 1029 1641 diffimili
1050 1566 1183 1642 ratione
1197 1567 1366 1658 habetur,¹
1400 1602 1403 1616 ·

373 1665 577 1777 'quod'non
599 1705 707 1776 aqua,
729 1678 785 1752 sed
809 1679 954 1753 maceria
978 1679 1077 1754 locus
1099 1681 1246 1778 saepitur.
1269 1681 1365 1754 Tota
1391 1670 1404 1713 '⁸

388 1788 460 1861 levi
478 1789 606 1884 lapide,
619 1808 676 1862 aut
693 1790 840 1864 testorio
864 1788 1067 1862 intrinsecus
1079 1788 1305 1878 incrustatur,
1319 1814 1365 1863 ne
1397 1866 1399 1871 ,
1505 1871 1510 1875 ,

389 1921 431 1970 ex
446 1922 485 1971 ea
499 1921 636 1994 erepere
660 1897 771 1992 poffit.
790 1902 828 1969 ln
848 1922 892 1969 eo
916 1897 1108 1970 arbusculas
1120 1898 1185 1981 esse
1201 1919 1363 1995 oportet,

390 2030 466 2103 quae
478 2003 590 2076 serunt
602 2005 772 2102 glandem.
783 2029 861 2102 quae
870 2057 883 2095 ,
894 2031 971 2077 cum
985 2004 1131 2077 studum
1146 2028 1218 2076 non
1236 2004 1364 2093 ferunt,

388 2121 477 2192 intra
501 2112 683 2189 maceriam
705 2114 816 2212 jacere
844 2135 985 2211 oportet
1010 2116 1166 2213 glandem
1191 2119 1231 2191 δι
1257 2116 1364 2191 callam

390 2253 511 2316 neam,
530 2229 622 2302 unde
642 2228 741 2302 saturi
762 2227 856 2303 siant.
880 2233 1003 2302 Facere
1022 2226 1075 2300 his
1096 2251 1203 2302 cavos
1223 2245 1364 2324 oportet

390 2338 563 2430 laxiores,
582 2338 641 2412 ubi
662 2339 778 2438 pullos
800 2365 916 2436 parere
937 2339 1074 2436 poffint.
1095 2363 1216 2435 aquam
1230 2338 1295 2410 esse
1309 2358 1364 2411 te·

390 2475 512 2536 nuem,
525 2451 622 2551 qnod
635 2475 673 2524 ea
687 2452 758 2522 non
774 2469 917 2523 utuntur
931 2449 1100 2547 multum,
1112 2451 1151 2523 δι
1164 2447 1295 2522 aridum
1308 2448 1365 2520 lo·

391 2580 469 2630 cunr
490 2572 654 2650 quaeru‘nt.
678 2558 724 2629 Hi
749 2557 941 2654 saginantur
962 2556 999 2629 in
1018 2554 1143 2645 doliis,
1162 2580 1239 2652 quae
1260 2552 1364 2637 etiam

391 2665 428 2738 in
450 2665 548 2738 villis'
566 2666 690 2739 habent
714 2665 835 2754 multi,
850 2691 929 2764 quae
954 2662 1051 2763 siguli
1077 2665 1226 2757 faciunt,
1249 2665 1364 2739 multo

392 2778 488 2852 aliter
503 2797 612 2879 atque
634 2779 718 2867 alia;
737 2781 832 2878 quod
852 2781 887 2853 in
905 2779 1063 2861 lateribus
1087 2804 1209 2853 corum
1231 2778 1365 2852 semitas

380 2888 582 2992 ¹faciunt&
592 2918 729 2981 cavum,
740 2891 798 2962 ubi
810 2891 924 2962 cibum
937 2889 1155 2962 constituant.
1166 2892 1204 2961 In
1218 2888 1287 2960 hoc
1300 2889 1365 2967 do·

393 2995 477 3068 lium
498 2997 626 3069 addunt
640 2997 816 3094 glandem,
834 3013 891 3067 aut
908 3019 1011 3067 nuces
1023 2992 1219 3092 ¹juglandes,
1233 3012 1290 3067 aut
1305 3019 1366 3067 cas

394 3104 556 3177 staneam.
575 3105 711 3199 Quibus
728 3103 764 3176 in
782 3102 929 3177 tenebris
935 3122 1039 3190 ,cum
1053 3102 1252 3178 cumulatim
1271 3101 1366 3200 post·

393 3232 466 3286 tum
479 3213 527 3286 est
542 3215 577 3287 in
599 3214 717 3302 doliis,
733 3212 821 3287 fiunt
838 3213 993 3313 pingues.
1112 3262 1115 3267 -

456 3325 555 3411 xvt.
586 3327 725 3400 Annus
748 3325 875 3423 igitur,
895 3323 1141 3423 Relinquitur,
1166 3322 1302 3420 inquit,
1322 3325 1366 3400 de

395 3431 549 3528 pastione
565 3432 715 3505 villatica
728 3433 845 3507 tertius
865 3433 958 3505 astus
971 3433 1012 3504 de
1026 3431 1172 3528 piscinis.
1188 3433 1285 3526 Quid
1297 3451 1366 3504 ter·

364 3564 369 3573 “
396 3540 492 3612 tius?
515 3541 625 3638 inquit
647 3545 779 3615 AXtUS.
800 3544 855 3612 An
873 3538 951 3637 quia
969 3557 1007 3612 tu
1026 3537 1144 3613 solitus
1163 3565 1198 3612 es
1218 3543 1253 3610 in
1275 3539 1364 3613 ado·
1395 3601 1399 3606 .

397 3646 554 3720 sescentis
568 3667 623 3720 tua
641 3646 735 3719 domi
755 3647 898 3719 mulsum
915 3672 985 3720 non
997 3646 1113 3720 bibere
1130 3667 1272 3743 propter
1286 3672 1365 3742 par·

398 3759 597 3847 simoniam,
619 3781 687 3835 nos,
701 3758 777 3841 mel
801 3758 1037 3857 negligemus?
1062 3760 1223 3847 Annius,
1251 3755 1364 3828 Nobis

399 3892 521 3938 verum
536 3867 638 3957 dicit,
653 3867 773 3964 inquit.
795 3870 883 3941 Nam
900 3893 977 3941 cum
1000 3891 1126 3964 pauper
1140 3891 1216 3940 cum
1230 3864 1366 3936 duobus

401 3975 561 4054 fratribus
581 3980 619 4055 &
640 3979 770 4054 duabus
790 3979 967 4053 sororibus
978 3978 1078 4052 essem
1090 3976 1243 4064 relislus3
1258 3973 1365 4074 [qua-
