3509 5084
560 562 633 638 nr.
658 568 725 638 ur
751 566 1000 641 uusrrcr
1027 569 1122 642 rm.
1147 571 1204 645 111.
1296 546 1369 670 ir,

402 741 484 804 runt
506 743 646 821 propter
662 725 910 799 multitudinem
926 725 1110 801 liberorum
1125 753 1136 814 ;
1152 728 1253 824 hujus
1268 733 1368 827 quod

402 835 475 907 duo
495 834 603 906 solent
620 836 737 930 praeire
757 836 872 936 figur,
899 835 1010 910 scitur.
1034 840 1174 928 Unum,
1190 842 1288 937 quod
1309 842 1367 915 su·

401 946 592 1044 peri-oribus
606 948 741 1033 diebus,
756 947 902 1019 maxime
925 946 1140 1042 vespertinis,
1154 950 1270 1023 multae
1287 971 1370 1026 ante

400 1056 555 1130 foramen
581 1056 643 1155 (ut
664 1053 771 1155 uvae)
790 1057 864 1128 aliae
885 1082 928 1128 ex
948 1057 1022 1128 aliis
1044 1047 1193 1152 pendent
1215 1063 1366 1160 congio·

399 1169 496 1240 barae.
511 1167 687 1256 Alterum,
708 1167 804 1264 quod
823 1192 898 1240 cum
917 1165 983 1260 jam
998 1167 1186 1242 evolaturae
1203 1170 1294 1258 sunt,
1308 1187 1368 1245 aut
1438 1174 1440 1179 ’

334 1285 342 1293 “
386 1278 499 1349 ‘eriam
523 1277 948 1378 inceperunr,cuusouaut
964 1281 1204 1371 vehementer,
1219 1283 1364 1378 proinde

399 1406 437 1459 ur
453 1387 574 1478 milites
595 1387 723 1461 faciunt
737 1444 747 1477 ‚
765 1414 841 1462 cum
856 1389 957 1462 castra
972 1409 1126 1464 movent.
1147 1394 1235 1485 Quae
1250 1393 1365 1490 primo

397 1515 469 1570 rum
485 1499 660 1588 exierunt,
676 1499 711 1570 iu
726 1499 906 1594 conspedu
924 1499 1089 1590 volitant,
1104 1494 1270 1598 reliquas,
1286 1528 1366 1601 quae

397 1608 550 1699 nondum
565 1607 774 1706 congregaiae
795 1607 890 1697 suut,
907 1608 1128 1703 respeuantes
1139 1600 1154 1699 ,’
1167 1611 1246 1682 dum
1275 1619 1366 1683 corr'-

396 1716 549 1789 veniant.
568 1719 658 1788 Cum
672 1742 692 1788 a
706 1715 860 1788 mellario
875 1716 910 1787 id
929 1712 1039 1789 feciffe
1053 1717 1129 1790 sunt
1147 1718 1362 1790 animadver-¹

395 1822 458 1912 sae,
473 1821 636 1917 jac-iundo
659 1823 696 1894 iu
718 1847 772 1894 eas
785 1815 984 1919 pulverem,
997 1826 1034 1897 δι
1050 1824 1363 1900 circumriuniendo

332 1975 335 1983 ·
394 1955 480 2018 aere,
495 1930 687 2024 perterritas
702 1954 774 2027 quo
800 1931 950 2004 voluer-it
964 1932 1135 2027 perducet.
1160 1933 1242 2005 Non
1257 1934 1362 2033 louge

395 2038 476 2112 inde
497 2037 658 2111 oblinunt
675 2039 848 2128 erithace,
866 2058 968 2136 atque
990 2038 1158 2135 apiastro,
1174 2042 1364 2138 cererisque

395 2149 519 2233 rebus,
539 2147 661 2245 quibus
682 2146 900 2221 deledamur.
921 2148 990 2222 Ubi
1011 2148 1258 2240 consederunt,
1277 2151 1360 2226 affe-

394 2280 477 2330 runt
496 2254 740 2354 alv'um‘prope
758 2257 881 2330 eifdem
903 2258 1015 2331 iiliciis
1038 2258 1156 2332 illitam
1180 2259 1294 2334 intus:
1319 2264 1360 2339 δι
1392 2304 1413 2330 2

393 2393 502 2466 prope
520 2368 690 2464 apposita,
709 2365 804 2440 fumo
821 2367 891 2440 leni
904 2367 1146 2442 circumeundo
1161 2388 1289 2468 cogunt
1301 2396 1359 2446 eas

392 2477 540 2550 iuuare:
558 2496 596 2550 ut
614 2503 691 2575 quae
711 2476 747 2548 iu
769 2502 896 2550 novam
915 2478 1089 2551 coloniam
1110 2503 1185 2551 cum
1211 2479 1358 2552 iurroie·

391 2606 497 2676 runt,
514 2607 712 2683 permanen-t
732 2589 818 2660 adeo
838 2587 1007 2677 libenter,
1021 2607 1058 2660 ut
1075 2587 1215 2661 etiamsi
1237 2590 1357 2686 prori-

392 2721 480 2768 mam
502 2696 653 2793 posueris
675 2699 767 2771 illam
787 2689 923 2789 alvum,
938 2698 1027 2770 unde
1049 2697 1225 2779 exierunts
1241 2722 1358 2775 tamen

391 2832 490 2883 novo
505 2808 683 2883 domicilio
697 2809 813 2905 potius
832 2808 895 2878 smt
911 2827 1095 2881 contente.
1118 2810 1227 2900 Quod
1239 2812 1285 2882 ad*
1296 2837 1359 2906 pa·-

392 2911 518 2991 stiones
539 2918 706 3012 pertinere
723 2918 792 2988 sum
813 2935 931 3004 ratus,
951 2915 1116 3012 'quoniam
1143 2917 1241 3006 dixi,
1263 2943 1359 2995 nunc
1432 2923 1435 2929 ’

392 3026 480 3124 jam,
505 3027 599 3121 cuius
617 3025 712 3100 causa
726 3023 905 3096 adhibetur
928 3048 966 3097 ea
988 3048 1070 3096 cura
1085 3076 1097 3111 ,
1113 3024 1154 3098 de
1177 3024 1287 3102 frudu
1302 3029 1357 3126 dip
1444 3061 1448 3068 ·

391 3162 476 3211 cam.
506 3136 773 3208 Eximeudorum
802 3134 964 3207 favorum
991 3134 1131 3233 siguum.
1150 3136 1283 3212 sumum
1311 3164 1357 3213 err
1409 3220 1411 3224 μ

390 3244 486 3341 ipsis,
506 3269 583 3318 cum
598 3244 712 3340 plenas
725 3243 825 3316 alvos
839 3241 989 3332 hubent,
1006 3246 1045 3318 &
1063 3271 1140 3318 cum
1155 3244 1356 3349 illos-gemi-

389 3352 557 3425 naverint.
582 3376 623 3424 err
644 3351 761 3447 apibus
788 3348 1015 3445 coujeduram
1037 3353 1175 3449 capium
1188 3353 1237 3442 ,fi
1261 3355 1379 3430 imus·

388 3458 517 3533 faciunt
530 3460 713 3550 bombum,¹
730 3460 768 3533 &
784 3485 861 3534 cum
875 3459 1077 3548 introeunt,
1090 3486 1128 3534 ae
1142 3460 1233 3534 foras
1248 3463 1358 3560 trepi·
1376 3532 1386 3551 ,

388 3568 496 3656 dent,
518 3569 555 3642 δι
577 3565 601 3638 si
620 3569 781 3664 opercula
797 3567 867 3639 alvi
888 3591 964 3640 cum
980 3586 1117 3640 remota
1137 3568 1227 3657 smt,
1248 3569 1354 3642 favo-

388 3703 463 3750 rum
489 3675 655 3754 foramina
675 3677 821 3751 obduda
838 3675 1004 3751 videmur·
1013 3677 1122 3750 mellis
1139 3681 1355 3756 membranis.
1458 3713 1460 3716 ·

390 3790 480 3860 Cum
494 3788 559 3862 sint
571 3789 689 3884 repleri
704 3789 821 3879 mede,
839 3788 875 3861 in
891 3787 1071 3867 eximendo
1083 3788 1219 3887 quidam
1234 3791 1356 3867 dicum
1422 3836 1427 3845 ·

325 3962 335 3970 ,
390 3918 550 3991 oportere
572 3923 700 3971 novem
723 3917 832 3995 primes
846 3897 987 3986 tollere,
1003 3897 1167 3971 decimam
1183 3899 1353 3994 relinque·

390 4030 439 4084 re.
451 4006 595 4107 'quodsi
616 4034 720 4085 omne
741 4008 894 4104 eximas,
919 4005 1059 4090 foreat
1083 4007 1263 4087 discedant.
1284 4007 1355 4086 Alii

984 4246 989 4263 .
1080 4119 1172 4270 Q2.
