3509 5084
448 624 491 678 ιν
624 605 699 677 10.
725 568 939 676 MATT'H.
966 605 1227 680 cernent
1325 649 1328 656 -

448 765 499 838 rei
511 765 552 838 ad
566 765 678 837 sontes
692 764 783 862 ipsos
802 763 942 860 ablegat.
959 764 1125 860 Scriptum
1140 765 1255 838 abillo
1270 768 1310 841 de
1325 769 1409 868 agri·

444 878 575 950 cultura
590 875 736 963 librum,
753 874 808 949 vel
828 899 870 946 ex
889 873 1010 945 nostris
1030 873 1105 946 satis
1124 894 1250 947 certum
1272 877 1346 967 est,
1366 905 1408 951 ne

443 987 486 1059 de
509 986 677 1058 Cicerone
697 983 846 1082 dicamus
870 1007 908 1054 ac
927 982 1120 1055 Plutarcho.
1134 985 1198 1055 Sed
1220 1007 1331 1056 utrum
1357 987 1406 1078 is,

442 1120 545 1194 quem
566 1094 724 1166 habemus
749 1091 851 1164 hodie
859 1144 872 1179 ,
888 1091 994 1186 qualis
1015 1092 1118 1163 hodie
1144 1093 1212 1183 est,
1237 1096 1406 1168 Catonem

444 1205 615 1278 auflorem
637 1201 777 1290 habeat,
794 1201 835 1271 de
852 1224 894 1270 eo
912 1224 984 1270 non
999 1199 1097 1272 facile
1117 1201 1164 1272 est
1176 1205 1407 1298 pronuntiare.

440 1315 529 1390 lllud
546 1314 681 1412 quidem
694 1329 852 1407 apparet,
864 1335 939 1405 quae
959 1313 1090 1399 Varro,
1105 1312 1321 1402 Columella,
1334 1315 1404 1387 Pli-

273 1468 275 1475 ·
313 1504 315 1511 ,
348 1397 351 1407 ¹
441 1415 746 1514 niuS‚'Palladius,
768 1417 927 1507 laudant,
949 1445 986 1491 ea
1007 1419 1093 1493 nihil
1118 1421 1185 1495 sere
1212 1424 1265 1495 vel
1290 1448 1405 1518 parum

440 1535 615 1608 immutata
637 1531 693 1602 lric
715 1528 792 1624 legi.
807 1530 940 1599 Habent
957 1530 1053 1601 etiam
1075 1530 1231 1628 pleraque
1252 1532 1342 1603 illam
1363 1559 1406 1607 ex
1464 1524 1470 1545 ’

440 1641 637 1736 antiquitate
658 1637 885 1736 gravitatem,
907 1639 1106 1718 brevitatem
1133 1641 1241 1732 illam,
1258 1643 1404 1716 oraculis

438 1777 513 1826 non
533 1749 736 1838 abfimilem,
760 1747 1017 1821 interlucentem
1042 1749 1190 1823 illumin
1215 1751 1402 1826 austeritate
1468 1846 1472 1854 ἡ

305 1870 307 1875 ’
433 1858 589 1933 ¹incomta
611 1857 761 1953 leporem
787 1875 888 1952 atque
910 1859 1131 1947 suavitatem,
1146 1885 1221 1955 quae
1245 1860 1400 1950 faciunt,
1511 1928 1515 1936 .

322 2028 324 2033 .
347 1996 349 2001 ·
402 2040 416 2057 ,,
437 1987 477 2042 ut
489 1967 678 2041 Catoniana
691 1964 864 2062 elle,quae
881 1967 937 2040 hic
947 1967 1243 2057 dantur,dubitari
1258 1993 1329 2040 non
1340 1970 1401 2040 de·

437 2079 525 2154 bear.
550 2081 678 2149 Verum
693 2074 871 2146 enimvero
887 2075 969 2148 illud
984 2101 1085 2149 nemo
1098 2086 1222 2151 temere
1235 2079 1315 2150 milri
1328 2103 1403 2174 per·

392 2239 407 2279 ,·
423 2189 592 2277 suaserit,
607 2188 714 2283 qualis
737 2213 828 2260 nunc
845 2187 964 2277 exstat,
980 2191 1017 2263 &
1043 2214 1061 2259 a
1085 2188 1185 2260 nobis
1199 2190 1296 2261 etiam
1322 2190 1397 2285 post

435 2301 557 2374 multas
571 2298 754 2371 multorum
773 2322 870 2370 curas
880 2298 1009 2388 editur,
1024 2299 1147 2388 talem,
1165 2301 1233 2371 hoc
1246 2300 1312 2390 cll,
1326 2302 1398 2376 hoc

433 2413 575 2495 ordine,
589 2409 641 2480 his
666 2408 809 2478 totidem
831 2405 945 2477 verbis
972 2404 1038 2502 (ne
1060 2405 1100 2477 de
1122 2407 1364 2502 orthographia
1384 2425 1393 2458 1

431 2521 617 2618 quidquam
645 2514 938 2612 commemorem)
966 2515 1175 2590 constantem
1206 2516 1328 2588 librum
1354 2519 1397 2590 ab
1498 2527 1501 2531 ’

432 2629 568 2702 auctore
584 2625 643 2697 suo
670 2623 827 2696 traditum
850 2625 965 2698 amicis
984 2625 1057 2698 elle.
1078 2625 1252 2716 Prim0,sr
1274 2629 1394 2700 Servio

431 2738 515 2810 fides
532 2737 574 2807 ad
585 2737 712 2832 Georg.
726 2763 769 2824 2,
785 2761 876 2824 412,
895 2741 972 2807 Cato
984 2740 1082 2808 libros
1098 2734 1225 2829 scripsrt
1238 2743 1396 2830 adfilium

431 2857 470 2923 de
478 2852 677 2944 agricultura.
693 2846 773 2916 Non
787 2845 870 2921 illud
885 2870 976 2918 nunc
989 2845 1115 2933 dicam,
1129 2850 1224 2918 libros
1236 2848 1396 2942 appellari

431 2958 607 3039 aServio.
623 2979 693 3026 non
708 2959 821 3026 librum
837 2982 849 3025 .·
870 2958 983 3026 librum
999 2955 1089 3026 enim
1111 2956 1255 3050 appellat
1269 2958 1395 3030 Cicero

430 3069 474 3138 de
496 3064 622 3135 senen.
643 3087 673 3135 c.
696 3086 749 3157 15.
770 3063 834 3133 Sed
847 3069 893 3134 ad
901 3067 1010 3154 filium
1033 3062 1203 3160 suscripsit
1222 3068 1332 3155 Cato,
1348 3067 1395 3138 al·

429 3179 564 3251 locutus
585 3173 680 3244 illum
706 3173 843 3270 quidem
858 3174 903 3246 cll
919 3175 954 3245 in
968 3173 1112 3272 ingrellu
1134 3173 1232 3260 libri,
1247 3174 1282 3245 in
1303 3172 1393 3260 fine;

429 3307 467 3360 ut
490 3313 508 3358 a
529 3286 648 3358 Tullio
670 3284 792 3358 fadum
811 3286 989 3374 videmus,
1011 3306 1083 3357 uta
1107 3289 1331 3373 Varrone,ut
1352 3287 1394 3356 ab

430 3397 608 3482 omnibus,
629 3396 688 3492 qui
711 3397 816 3469 libros
835 3397 912 3470 suos
930 3397 1004 3470 aliis
1023 3396 1226 3494 inscripsere.
1246 3398 1310 3468 Sed
1330 3397 1394 3467 hu·

428 3506 481 3603 jus
501 3504 708 3603 quidemrei
730 3497 796 3578 nec
818 3506 901 3580 vola
919 3507 1043 3595 hodie,
1058 3533 1121 3579 nec
1136 3506 1310 3604 vestigium
1338 3504 1392 3574 su·

428 3615 548 3712 petest.
570 3612 727 3700 Deinde,
744 3633 802 3684 aut
821 3614 908 3686 male
931 3615 1031 3686 nobis
1052 3614 1195 3685 Catonis
1216 3610 1389 3708 ingenium

427 3741 527 3821 atque
551 3722 742 3805 orationem
763 3721 931 3817 descripfit
954 3721 1087 3794 Tullius
1111 3746 1153 3792 eo
1181 3720 1255 3815 ipso
1280 3719 1390 3809 loco,

427 3859 527 3932 quem
542 3836 647 3910 modo
660 3833 894 3920 laudavimus,
910 3820 967 3903 aut
982 3829 1050 3928 egit
1063 3832 1154 3904 Cato
1167 3830 1270 3925 paulo
1286 3828 1390 3901 diser·

473 4023 497 4064 r.
514 4002 580 4077 Egit
596 4005 632 4063 de
649 4001 699 4062 illa
719 3999 828 4062 erudite
845 3996 1006 4060 Pontedera
1018 3996 1162 4076 principio
1181 4006 1314 4059 notarum
1326 3995 1389 4060 sua·

428 4115 493 4160 rum
512 4097 542 4155 in
559 4096 715 4173 Addendis.
834 4124 837 4130 ·
1479 4103 1480 4106 ’
