3509 5084
456 594 512 646 cu
664 573 712 641 M.
740 567 865 637 TER.
895 561 1197 631 VARRONIS

459 756 506 802 tra
523 733 664 819 piratas,
680 730 713 796 C.
727 706 897 816 Cadmirrio
918 721 1053 811 Pifirrre,
1067 722 1117 788 M.
1140 720 1247 786 Acilio
1262 717 1408 787 Glabrio·

457 869 517 925 nc,
537 841 734 928 consulibus,
753 862 838 904 antro
864 835 963 903 Urbis
982 833 1075 912 686,
1093 832 1203 898 mundi
1215 831 1305 924 3883
1317 880 1327 914 ‚
1340 852 1411 898 ante

459 955 493 1019 C.
507 954 550 1019 N.
564 954 608 1019 65
618 1003 626 1033 ,
632 951 849 1041 filsss‘l’er
865 947 988 1014 Gtaeciae
1000 941 1141 1038 claffibus
1149 939 1285 1034 profuit.
1309 944 1410 1008 Varro
1490 970 1492 973 ’

458 1059 528 1127 Lib.
548 1077 568 1126 Ι
587 1062 623 1125 dt
642 1083 669 1125 rr
683 1056 809 1155 rustica,
828 1080 896 1145 cap.
918 1055 969 1121 5.·
989 1050 1053 1119 Sed
1067 1047 1147 1144 quid
1161 1069 1224 1145 ego
1239 1043 1410 1141 (Scrofa)

456 1163 551 1234 illum
579 1158 852 1260 (Hippocratem)
874 1179 969 1230 voco
990 1157 1032 1227 ad
1051 1155 1306 1228 testimonium?
1327 1157 1413 1227 Non

458 1274 522 1347 hic.
532 1278 646 1347 Varro
668 1274 802 1361 noster,
820 1294 898 1343 cum
919 1269 1088 1364 Corcyra
1103 1265 1181 1338 esset
1193 1264 1358 1338 exercitus
1372 1289 1412 1337 ac

457 1385 578 1472 ctaffis,
600 1388 639 1458 &
657 1406 775 1463 omnes
797 1380 917 1452 domus
934 1377 1070 1473 repleta
1087 1375 1190 1462 essent
1214 1373 1349 1472 aegrotis
1371 1399 1412 1447 ac

458 1494 653 1581 funeribus,
667 1489 809 1564 immisso
822 1488 972 1562 fenestris
982 1487 1084 1562 novis
1101 1486 1279 1584 aquilone,
1294 1487 1332 1558 &
1346 1485 1412 1555 ob·

458 1600 585 1673 {stultis
610 1597 860 1694 pestilentibus,
876 1595 1043 1692 januaque
1066 1613 1248 1690 permutata
1262 1648 1274 1682 ,
1288 1612 1412 1667 cetera·

458 1733 523 1803 qne
546 1706 617 1800 ejus
637 1704 768 1804 generis
786 1706 976 1803 diligentia,
995 1704 1072 1778 suos
1097 1702 1237 1777 comites
1257 1727 1296 1774 ac
1317 1699 1424 1774 famia

458 1819 537 1888 liam
570 1817 760 1891 incolumes
792 1816 953 1888 reduxit?
971 1821 1012 1887 In
1028 1817 1212 1909 prefatione
1235 1816 1324 1885 Libri
1349 1830 1413 1883 11:

459 1927 539 2016 Qua
557 1927 647 1998 dere
668 1925 822 2022 pecuaria
844 1925 993 1997 breviter
1009 1950 1048 1997 ac
1067 1925 1254 1996 summatim
1279 1946 1415 2018 percur-

460 2061 553 2125 ram,
573 2063 616 2110 ex
638 2036 846 2110 sermonibus
869 2035 989 2109 nostris
1010 2035 1142 2109 collatis
1165 2061 1241 2108 cum
1268 2033 1333 2124 iis,
1354 2031 1415 2129 qui

460 2147 648 2240 percuarias
671 2146 857 2218 habuerunt
874 2144 913 2217 in
929 2144 1034 2240 Epiro
1057 2168 1212 2240 magnas,
1228 2163 1319 2231 tum,
1338 2166 1415 2214 cum

460 2259 606 2353 piratico
618 2260 708 2350 bello
722 2259 808 2330 inter
818 2258 946 2330 Delum
958 2260 998 2330 ἃ
1010 2256 1172 2344 Siciliam,
1182 2256 1324 2329 Graeciae
1336 2252 1419 2328 clas·

461 2364 564 2440 ithus·
576 2368 754 2463 praeeffem.
777 2370 846 2439 Ubi
872 2370 987 2452 codex,
1001 2394 1087 2461 quern
1106 2368 1272 2457 Ausonius
1295 2369 1418 2456 Popma

463 2481 582 2561 edidit,
603 2505 661 2568 pro
680 2482 814 2563 Sicilia,
836 2481 978 2548 Ciliciam
998 2479 1151 2548 nominat.
1164 2479 1291 2548 Plinius
1304 2479 1416 2570 lib.3,

455 2580 531 2674 cap.
545 2613 570 2653 rr
584 2609 596 2652 .·
611 2585 690 2656 Inde
705 2584 744 2682 (a
757 2589 1049 2680 Tarnimmrr
1063 2589 1111 2655 M.
1123 2583 1416 2685 promontorium,

461 2691 557 2784 quod
579 2698 686 2764 Acran
714 2693 886 2790 iapygiam
907 2713 1058 2782 vocant,
1078 2716 1149 2789 quo
1170 2691 1359 2788 longissime
1380 2691 1417 2762 in

462 2796 567 2870 maria
584 2803 732 2893 excurrip
748 2801 850 2872 ltalia.
866 2802 920 2871 Ab
939 2824 981 2871 eo
996 2799 1087 2873 Basta
1106 2799 1269 2894 oppidum
1285 2802 1322 2872 &
1337 2802 1418 2896 Hy·

438 2977 441 2982 .
460 2908 642 3007 druntum,
660 2911 772 2982 decem
792 2935 831 2982 ac
851 2936 978 2982 novem
1000 2918 1050 2982 Μ.
1077 2909 1154 3006 pass.
1178 2908 1418 2983 ac‘discrimen

462 3016 553 3089 Jonii
574 3022 611 3092 δι
634 3018 794 3092 Adriatici
817 3020 942 3108 maris,
961 3045 1026 3116 qua
1048 3020 1084 3092 in
1103 3009 1268 3092 Graeciatn
1290 3020 1419 3092 brevis·

463 3127 564 3199 fimus
578 3129 753 3216 transitus,
767 3154 809 3201 cx
820 3129 965 3220 adverso
977 3131 1173 3225 Apollonia
1191 3128 1331 3227 oppidi,
1345 3132 1420 3204 lati·
1453 3139 1459 3149 “

464 3239 582 3318 tudine
600 3239 850 3331 intercurrentis
872 3238 949 3312 freti
968 3261 989 3311 ι
1010 3243 1056 3311 Μ.
1077 3267 1149 3314 non
1165 3241 1316 3338 amplius.
1341 3245 1422 3315 Hoc

464 3348 680 3422 intervallum
710 3349 850 3446 pedestri
876 3353 1075 3423 continuare
1099 3352 1235 3424 transitu
1259 3333 1420 3448 pontibus

459 3456 575 3550 iadis,
598 3462 743 3555 primum
764 3461 1034 3559 Pyrrhus,Epiri
1050 3487 1130 3546 rex,
1144 3463 1308 3559 cogitavit
1321 3491 1330 3533 ε
1345 3461 1421 3555 post

463 3592 540 3639 eum
554 3570 601 3638 M.
619 3573 749 3658 Va'r‘ro,
769 3596 846 3644 cum
859 3573 1010 3644 classibus
1026 3569 1177 3668 Pompeji
1192 3571 1332 3667 piratico
1347 3571 1421 3640 bel·

372 3687 375 3691 ’
464 3679 502 3750 lo
527 3679 685 3774 praesset.
711 3685 901 3775 Utrumque
924 3682 996 3751 aliae
1017 3682 1198 3774 impediere
1224 3705 1322 3752 curae.
1345 3683 1422 3750 Flo·

467 3819 520 3861 rus
543 3796 597 3862 lib.
614 3819 656 3889 3,
676 3820 744 3884 cap.
760 3796 804 3861 6:
820 3791 877 3861 llle
902 3791 1094 3890 (Pompeius
1103 3795 1122 3885 )
1147 3790 1320 3886 dispersam
1341 3809 1421 3860 toto

466 3903 548 3972 mari
566 3906 709 3996 pestem,
730 3901 879 3976 semel&
898 3905 932 3974 in
951 3916 1144 3998 perpetuum
1159 3902 1280 3974 volens
1293 3900 1420 3973 exstin-

378 4078 394 4099 χ
465 4034 585 4106 gnere,
598 4013 719 4091 divino
732 4015 879 4112 quodam
898 4034 1056 4112 apparatu
1071 4011 1233 4114 aggressus
1245 4011 1420 4110 est.Quip·
