3509 5084
497 570 589 643 DE
639 571 724 641 RE
772 571 1138 648 RUSTICA.
1276 603 1315 653 ιι

345 734 396 811 ’ἂι
417 731 609 829 insellaque
623 729 730 819 sient,
750 728 912 828 postridie
925 728 997 824 ejus
1012 728 1233 815 dieivilicum
1248 757 1320 805 vo·

345 863 426 931 cet,
450 861 569 940 roget,
584 839 670 938 quid
694 840 810 936 operis
833 839 893 912 stet
918 839 1068 930 saelum,
1091 841 1175 938 quid
1195 841 1322 932 restet,

344 952 465 1027 satisne
484 951 633 1049 tempori
656 976 761 1046 opera
780 951 865 1024 stent
887 950 1062 1043 consessa,
1076 953 1221 1050 possitne
1242 979 1321 1051 quat

344 1060 475 1159 reliqua
492 1060 577 1134 stent
595 1061 791 1134 conficere:
810 1065 848 1135 δι
871 1062 955 1158 quid
978 1061 1102 1134 saelum
1127 1063 1201 1137 vini
1216 1118 1229 1151 ,
1246 1063 1321 1137 sru-

344 1171 473 1261 menti,
495 1170 704 1269 aliarumque
723 1198 834 1245 rerum
858 1173 1026 1246 omnium.
1043 1174 1112 1265 Ubi
1128 1201 1166 1246 ea
1185 1200 1321 1273 cogno-

319 1280 423 1366 Ἶιιίι,
440 1281 606 1354 rationem
618 1280 713 1375 ⁴inire
735 1300 877 1379 oportet
900 1308 1083 1380 operarum
1094 1340 1105 1373 ,
1125 1285 1266 1358 dierum.
1285 1286 1321 1359 si
1349 1296 1353 1305 '
1372 1300 1374 1307 '

343 1389 379 1460 ei
393 1414 482 1485 opus
502 1416 575 1464 non
592 1409 756 1489 apparet,
772 1393 855 1467 dicit
870 1393 996 1468 vilicus
1014 1395 1130 1467 sedulo
1145 1394 1177 1469 se
1189 1394 1320 1486 fecisse,

346 1498 467 1574 servos
490 1524 561 1574 non
586 1500 748 1591 valuisse,
770 1502 981 1599 tempeslates
996 1505 1099 1577 malas
1123 1502 1232 1594 fuisse,
1249 1504 1320 1578 ser·

345 1632 414 1682 vos
434 1611 596 1709 aufugisse
604 1666 617 1699 ,
632 1635 722 1707 opus
742 1611 916 1708 publicum
936 1613 1088 1687 effecisse.
1102 1616 1172 1689 Ubi
1185 1641 1240 1688 eas
1255 1614 1321 1688 ali·

342 1719 446 1818 asque
466 1720 577 1795 causas
597 1721 720 1794 multas
745 1720 896 1810 dixerit;
921 1723 964 1794 ad
981 1722 1151 1797 rationem
1173 1750 1320 1820 operum

338 1852 594 1927 operarumque
606 1830 754 1904 vilicum
765 1856 903 1905 revoca.
917 1836 1006 1909 Cum
1018 1833 1230 1932 tempestates
1244 1833 1321 1930 plu·

345 1939 415 2013 viae
437 1942 583 2029 suerint,
602 1940 743 2031 videto,
762 1959 850 2038 quot
873 1942 968 2032 dies,
987 1969 1111 2041 quaeve
1135 1968 1240 2038 opera
1259 1968 1321 2038 per

344 2047 488 2122 imbrem
503 2048 576 2122 fieri
593 2050 795 2146 potuerint,
807 2050 899 2123 d'olia
914 2050 1039 2138 lavari,
1057 2050 1182 2147 picari,
1200 2050 1322 2125 villam

344 2161 501 2262 purgari,
520 2160 730 2233 frumentum
747 2158 941 2250 transferri,
957 2160 1086 2234 stercus
1106 2163 1201 2251 foras
1220 2160 1322 2237 esler-

344 2271 401 2363 ri,
421 2270 671 2370 sterquilinium
686 2268 911 2360 sieri,·semen
932 2272 1088 2370 purgari,
1102 2270 1202 2343 funes
1221 2291 1320 2345 vete·
1408 2276 1412 2283 '

246 2418 249 2425 ·
311 2378 316 2387 ’
343 2408 400 2457 res
421 2382 558 2469 sarciri,
579 2382 763 2479 novosque
784 2380 884 2454 sieri:
906 2403 1095 2471 centones,
1119 2383 1322 2457 cuculiones

247 2586 251 2592 Δ
342 2491 507 2566 familiam
527 2492 715 2589 oportuisse
737 2491 798 2564 srbi
820 2492 955 2566 sarcire.
971 2496 1035 2565 Per
1060 2474 1321 2590 feriaspotuisl'e

344 2601 447 2675 fossas
469 2623 600 2676 veteres
623 2602 766 2700 tergeri,
783 2601 877 2674 viam
897 2597 1067 2700 publicam
1090 2603 1240 2694 muniti,
1255 2628 1321 2677 ve·

344 2741 423 2813 pres
442 2716 572 2803 recidi‘,
585 2714 726 2805 bortum
740 2712 866 2801 fodiri,
887 2732 1020 2810 pratum
1034 2715 1189 2812 purgari,
1204 2716 1323 2810 virgas
1396 2790 1399 2797 ,

344 2824 497 2911 vinciri,
512 2823 621 2917 spinas
636 2822 796 2908 runcari,
817 2822 946 2917 expinsr
965 2822 1016 2893 sar
1025 2873 1036 2906 ,
1051 2821 1241 2893 mundicias
1257 2820 1322 2894 sie·

345 2933 387 3009 ri.
406 2936 497 3007 Cum
520 2933 607 3007 servi
629 2932 853 3030 aegrotarint,
878 2932 1004 3005 cibaria
1029 2948 1123 3003 tanta
1150 2929 1220 3001 dari
1247 2956 1323 3004 non

338 3040 546 3140 oportuisse.
571 3040 643 3115 Ubi
665 3041 741 3115 haec
761 3038 897 3136 cognita
926 3062 1028 3135 aequo
1061 3035 1178 3109 animo
1207 3034 1322 3126 stent,

346 3178 471 3252 quaere
484 3152 614 3251 reliqua
634 3177 741 3248 opera
754 3151 857 3240 stent,
874 3175 993 3224 curare
1007 3150 1058 3222 uti
1075 3146 1321 3246 perficiantur:

346 3264 498 3338 rationes
515 3281 634 3359 putare
648 3261 891 3360 argentariam,
907 3260 1184 3349 frumentariam,
1202 3258 1322 3356 pabuli

346 3369 447 3447 causa
463 3397 542 3469 quae
565 3395 681 3467 parata
704 3371 800 3458 sunt3
817 3370 986 3443 rationem
1009 3370 1202 3457 vinariam,
1227 3367 1322 3440 olea·
1419 3460 1421 3469 Ι

319 3536 324 3545 -
345 3481 451 3572 riam,
465 3481 548 3579 quid
568 3480 736 3568 venierit,
755 3479 838 3569 quid
857 3481 1012 3551 exartum
1035 3480 1117 3570 stet,
1133 3479 1215 3577 quid
1236 3476 1321 3549 reli.-

344 3618 454 3691 quum
474 3593 553 3683 stet,
568 3593 653 3690 quid
676 3590 734 3662 stet
752 3590 847 3686 quod
871 3600 1016 3676 veneat,
1037 3616 1112 3688 quae
1129 3590 1204 3663 satis
1224 3587 1320 3662 acci·

345 3700 475 3796 piunda
496 3701 602 3789 stent,
625 3699 701 3772 satis
714 3698 933 3795 accipiantur.
948 3699 1093 3797 Reliqua
1115 3724 1191 3796 qpae
1213 3696 1320 3781 sient.
1383 3720 1389 3744 ³

347 3824 387 3878 ut
401 3824 634 3904 compareant.
649 3808 684 3879 Si
700 3808 783 3905 quid
797 3808 880 3879 defit
893 3806 928 3879 in
943 3832 1092 3892 annum,
1109 3804 1160 3878 uti
1175 3820 1321 3900 paretpr.

346 3940 426 4013 quae
447 3915 630 4013 superfint,
643 3916 694 3989 uri
718 3935 888 3989 veneant:
905 3942 983 4015 quae
1008 3939 1095 4012 opus
1118 3911 1202 3984 stent
1223 3910 1318 3983 loca·

345 4040 407 4116 to,
419 4024 599 4123 locentur:
622 4049 699 4126 qua
712 4048 816 4123 opera
831 4021 906 4097 sieri
927 4022 1035 4117 velit,
1055 4022 1093 4097 &
1107 4045 1185 4121 quae
1201 4020 1318 4099 locare
