3509 5084
559 579 636 676 Da
662 576 731 648 ua
757 522 1014 671 uusrtcu
1037 579 1135 653 tm.
1160 584 1205 653 1.-
1287 590 1386 683 1312·

391 737 589 834 Pampinare
608 736 655 808 esl
672 761 715 808 ex
730 735 899 810 sarmento
913 740 1024 825 coles·,
1037 738 1098 837 qui
1116 741 1185 813 nati
1199 740 1275 816 sunt
1287 799 1299 836 ,
1312 749 1356 826 de

392 847 455 937 iis,
474 846 532 944 qui
548 848 733 943 plurimum
756 848 896 936 valent,
917 850 1063 944 primum
1084 875 1124 922 ac
1150 849 1359 950 secundum
1391 915 1396 929 r

393 976 641 1052 nonnunquam
670 956 768 1037 etiam
796 956 957 1046 tertium,
976 956 1184 1054 relinquere,
1207 961 1360 1060 reliquos

393 1065 599 1163 decerpere,
624 1089 666 1136 ne
687 1064 810 1137 r‘elislis
832 1065 967 1136 colibus
987 1064 1190 1139 sarmentum
1215 1092 1359 1168 nequeat

394 1175 583 1251 ministrare
600 1175 725 1248 sucum.
738 1176 819 1246 ldeo
831 1177 867 1245 in
877 1175 1015 1259 vitiario
1028 1175 1182 1270 primitus
1196 1204 1271 1254 cum
1286 1185 1360 1259 exit
1469 1210 1471 1217 ’

395 1286 502 1375 vitis,
517 1304 592 1391 totq
616 1283 755 1357 resecati
782 1284 891 1372 solet,
916 1303 955 1355 ut
976 1283 1127 1360 firmiore
1150 1286 1319 1366 sarmento
1338 1318 1360 1371 e

395 1414 485 1468 terra
501 1394 618 1484 exeas,
632 1419 732 1490 arque
746 1395 781 1465 in
794 1393 963 1489 pariendis
977 1394 1110 1468 colibus
1128 1397 1220 1474 vires
1240 1399 1362 1482 habeat

395 1505 554 1598 majores.
573 1502 777 1608 Ejuncidum
793 1503 884 1574 enim
900 1504 1103 1577 sarmentum
1115 1528 1256 1603 propter
1268 1510 1363 1584 infir·

396 1618 546 1691 mitatem
570 1617 700 1707 sterile,
715 1641 826 1711 neque
844 1642 888 1688 ex
912 1619 945 1688 se
971 1617 1080 1712 potest
1103 1618 1224 1712 ejicere
1245 1624 1365 1700 vitem:

396 1749 496 1821 quam
511 1743 640 1797 vocant
654 1725 823 1795 minorem
841 1724 1033 1823 flagellum,
1048 1725 1212 1819 majorem
1235 1733 1334 1805 etiam
1349 1787 1364 1823 ,

395 1835 487 1906 unde
500 1856 578 1905 uvae
594 1831 792 1917 nascuntur,
807 1832 963 1927 palmam.
979 1833 1075 1927 prior
1089 1835 1185 1908 litera
1207 1865 1274 1911 una
1289 1867 1364 1913 mu·
1421 1858 1424 1862 “

396 1962 464 2037 tata
481 1940 647 2014 declinata
670 1966 689 2011 a
711 1940 805 2012 venti
832 1939 940 2027 flatu,
962 1940 1111 2013 similiter
1130 1943 1303 2025 flabellum
1321 1975 1364 2023 ac

396 2050 577 2149 flagellum.
606 2049 797 2146 posterior,
816 2072 889 2146 quo
920 2075 958 2122 ea
989 2049 1071 2123 vitis
1101 2051 1294 2129 immittitur
1320 2059 1364 2133 ad

398 2187 484 2235 uvas
505 2162 699 2258 pariendas,
713 2161 799 2233 diota
810 2159 924 2256 primo
940 2160 1076 2233 videtur
1089 2186 1107 2233 a
1121 2163 1285 2258 pariendo
1303 2195 1365 2264 pa·

398 2271 516 2347 rilema
530 2300 539 2346 ε
555 2273 634 2346 exin
649 2273 786 2344 muratis
807 2271 933 2363 literis,
955 2289 991 2342 ut
1005 2270 1040 2341 in
1056 2273 1189 2356 multis,
1204 2276 1272 2350 dici
1288 2305 1367 2353 coe·

399 2401 457 2479 pra
479 2381 601 2478 palma.
618 2384 670 2453 Ex
685 2383 786 2454 altera
806 2398 897 2476 parte
915 2404 1032 2476 caprea
1045 2380 1150 2470 diua,
1163 2387 1259 2481 quod
1276 2394 1366 2486 parit

399 2490 606 2587 capreolum.
629 2492 656 2564 is
672 2493 717 2564 esl
732 2489 898 2566 coliculus
920 2489 1031 2564 viteus
1052 2489 1218 2584 intortus,
1231 2515 1269 2569 ut
1288 2499 1367 2587 ein-

400 2605 534 2677 cinnus.
563 2603 591 2674 is
611 2605 702 2677 enim
728 2604 816 2693 pites
840 2620 878 2673 ut
903 2618 1038 2690 teneat,
1058 2599 1159 2698 serpit
1182 2605 1225 2678 ad
1249 2588 1368 2688 locuni
1431 2609 1436 2618 ’
1474 2642 1480 2659 r
1510 2606 1513 2615 ¹

401 2714 679 2812 capiundumex
705 2740 820 2815 quoa
847 2713 1014 2808 capiendo
1041 2715 1221 2809 capreolus
1249 2721 1368 2800 diuus.

402 2812 714 2923 Omne‘pabulum,
729 2828 874 2924 primum
888 2824 1040 2899 oeimum
1051 2875 1062 2906 ,
1075 2823 1273 2921 farraginem
1284 2834 1368 2915 μὶ.

403 2937 516 3025 ciam,
537 2936 717 3009 novissime
737 2934 872 3006 soenum
892 2932 1006 3004 secari.
1029 2929 1170 3001 ocinum
1194 2934 1317 3009 dislum
1346 2967 1369 3017 a

402 3048 531 3120 Graeco
552 3045 660 3130 verbo
675 3031 892 3140 lufur,quod
911 3041 1003 3111 valet
1019 3014 1101 3111 cirol
1120 3040 1280 3117 Similiter
1294 3076 1370 3147 quo

403 3155 555 3231 ocimum
572 3155 609 3227 in
637 3155 755 3226 horto.
781 3155 859 3227 Hoc
881 3150 1024 3246 amplius
1049 3151 1173 3246 elisium
1200 3155 1369 3250 ocinum⁸

403 3269 500 3366 quod
512 3269 592 3342 citat
609 3267 724 3342 alvum
738 3266 871 3354 bubus,
885 3268 923 3338 ὃ(
942 3265 1020 3335 ideo
1035 3262 1075 3336 iis
1098 3265 1216 3355 datur,
1235 3290 1273 3340 ut
1289 3292 1369 3364 pur.
1407 3260 1419 3303 ’·

404 3397 535 3474 gentur.
562 3378 598 3449 id
610 3404 652 3449 ex
668 3376 774 3449 sabuli
789 3369 895 3474 segete
915 3374 1025 3446 viride
1046 3372 1167 3445 serlum
1188 3397 1370 3473 antequam

404 3503 504 3581 genat
520 3485 664 3582 siliquas.
676 3480 826 3562 [Contra
841 3509 885 3555 ex
904 3481 1010 3577 segete
1022 3535 1032 3567 ,
1044 3482 1109 3552 ubi
1132 3481 1198 3553 sara
1218 3489 1369 3568 admixta

404 3596 548 3667 ordeum
567 3596 605 3667 &
619 3594 728 3683 vicia,
744 3597 782 3674 δι
801 3586 969 3690 legumina
984 3591 1098 3687 pabuli
1114 3595 1210 3666 causa
1227 3599 1372 3690 viridia,

405 3708 502 3805 quod
520 3704 617 3806 [far]
636 3705 731 3780 fetro
742 3705 844 3795 caesa,
857 3703 992 3802 sartago
1004 3705 1109 3792 diua,
1122 3728 1180 3775 aut
1201 3708 1261 3780 nist
1274 3712 1371 3805 quod

404 3818 554 3913 primum
572 3818 607 3889 in
622 3816 759 3892 sarreria
779 3817 890 3918 segete
903 3816 965 3889 seri
979 3837 1141 3915 coeptum.
1155 3815 1203 3888 Ea
1216 3822 1315 3912 equi,
1330 3827 1373 3913 ὃς

406 3926 557 4025 jumenta
570 3945 681 4002 cetera
698 3953 807 4002 verno
827 3949 984 4026 ternpore
1004 3946 1213 4024 purgantur,
1234 3953 1272 4001 ac
1287 3929 1371 4028 sagi.

407 4057 543 4133 uantur.
556 4041 657 4122 Vitia
670 4041 756 4118 diua
768 4060 788 4119 ε’
801 4041 1003 4136 vinciendo,
1017 4040 1114 4141 quod
1131 4039 1210 4112 item
1224 4063 1372 4141 capreos

1121 4152 1183 4226 ln
