3509 5084
409 589 486 667 a32
561 542 1238 642 ureneurtrvrndortrs
1382 552 1390 565 “

414 724 478 807 1οέ
489 729 606 818 habet,
621 748 659 802 ut
672 728 770 815 vitis,
783 727 995 826 quibuscum
1010 727 1133 801 sursum
1151 729 1291 804 vorsum
1306 731 1384 805 ser·‘

305 832 311 841 ’
414 848 465 947 pit
478 845 519 917 ad
535 843 668 936 scapum
686 840 814 935 lupini,
829 840 980 912 aliumve
996 864 1117 935 quem,
1133 859 1170 911 ut
1184 842 1328 930 hereat,
1342 845 1383 916 id

410 955 500 1033 solet
514 950 659 1023 vincire.
676 949 709 1020 Si
731 968 825 1043 prata
843 949 967 1046 irrigua
980 950 1116 1023 habebis
1129 1006 1142 1039 ,
1154 951 1291 1027 simulac
1311 954 1384 1028 foe-

412 1088 498 1139 mum
511 1058 696 1146 sustuleris,
715 1056 862 1156 irrigare.
873 1060 912 1130 ln
924 1083 1048 1154 poma,
1061 1084 1137 1155 quae
1150 1056 1246 1134 inlita
1258 1083 1385 1149 erunt,¹

410 1170 619 1248 siccitatibus
637 1191 758 1264 aquam
774 1167 855 1238 addi
868 1167 1033 1264 quotidie.
1053 1194 1072 1240 a
1089 1193 1186 1266 quo,
1207 1174 1303 1268 quod
1320 1173 1382 1247 in.

412 1284 532 1380 digent
550 1295 660 1370 potu,
676 1300 779 1370 poma
791 1276 879 1348 dicia
897 1276 961 1349 effe
977 1276 1125 1373 possunt
1167 1354 1178 1375 Δ

463 1391 613 1465 ΧΧΧΙΙ,
630 1390 767 1479 Quarto
780 1385 964 1459 intervallo
978 1386 1066 1462 inter
1078 1387 1255 1462 solstitium
1266 1392 1306 1466 δι
1320 1418 1381 1467 ca.

259 1590 263 1596 ·
414 1503 564 1579 miculam
585 1497 738 1594 plerique
752 1497 884 1568 messem
899 1495 1047 1588 faciunt,
1059 1499 1156 1594 quod
1168 1496 1381 1577 frumentum

416 1616 532 1687 dicant
549 1606 742 1705 quindecim
761 1606 877 1677 diebus
891 1605 953 1677 effe
965 1606 1002 1678 in
1020 1607 1379 1706 vaginis‚quindecim

410 1722 562 1807 llorere,
583 1714 778 1813 quindecim
799 1713 1014 1805 exarescere,
1033 1741 1109 1789 cum
1136 1719 1176 1790 fit
1198 1740 1379 1797 maturum.

415 1829 597 1908 Arationes
618 1823 770 1913 absolvi,
784 1849 859 1921 quae
870 1850 914 1899 eo
926 1824 1165 1901 fruetuofiores
1184 1828 1289 1915 siunt,
1303 1857 1378 1928 quo

409 1940 581 2026 calidiore
607 1957 695 2012 terra
722 1954 845 2011 aratur.
874 1938 963 2010 Cum
988 1939 1214 2035 proscideris,
1238 1940 1379 2040 offringi

413 2071 579 2152 oportet,
592 2048 629 2121 id
642 2047 711 2137 ell,
726 2046 862 2136 iterare,
873 2064 911 2119 ut
922 2047 1119 2148 frangantur
1130 2052 1256 2152 glaepa.
1268 2052 1379 2148 prima

412 2164 508 2237 eninr
530 2158 683 2232 aratione
708 2157 849 2255 grandes
863 2156 982 2253 glaebae
999 2176 1149 2232 exterra
1170 2160 1380 2235 scinduntur.

414 2268 600 2344 §erendum
625 2265 773 2355 vicium,
792 2265 942 2353 lentem,
961 2265 1188 2358 cicerculam,
1210 2269 1380 2360 ervilam,

412 2402 614 2475 ceteraque,
628 2402 704 2477 que
715 2375 771 2447 alii
785 2375 971 2472 legumina,
982 2378 1040 2450 alii
1052 2381 1111 2470 (ut
1124 2379 1291 2452 Gallicani
1302 2382 1381 2477 qui·

412 2488 520 2587 dam)
542 2484 663 2583 legatia
682 2487 852 2582 appellant
862 2538 877 2575 ,
896 2504 1037 2582 utraque
1056 2487 1142 2559 dicta
1165 2513 1185 2559 a
1207 2489 1381 2585 legendo,

415 2599 514 2699 quod
534 2621 573 2668 ea
596 2600 668 2691 nult
689 2593 861 2683 secantur,
875 2594 931 2669 sed
952 2595 1113 2669 vellendo
1135 2596 1305 2694 leguntur.
1317 2600 1381 2673 Vi·

417 2731 499 2784 neas
522 2720 651 2776 veteres
672 2701 795 2774 iterum
811 2727 953 2792 occare,
963 2704 1117 2779 novellas
1129 2706 1229 2778 etium
1249 2709 1383 2802 tertio,

414 2823 443 2898 si
464 2811 542 2891 'sunt
561 2814 662 2887 etiam
682 2834 755 2886 tum
774 2816 902 2913 glaebae.
1094 2880 1098 2888 .

466 2926 633 3003 XXXlll.
655 2923 790 3016 Quinto
815 2922 994 2998 intervallo
1018 2922 1106 2999 inter
1129 2924 1315 3001 caniculam
1338 2933 1383 3008 dc

416 3035 657 3137 aequinoslium
672 3037 879 3110 auslumnale
897 3055 1037 3133 oportet
1047 3036 1222 3115 stramenta
1242 3040 1382 3116 deseca-

417 3152 474 3238 ri,
496 3150 533 3221 &
547 3170 690 3221 acervos
709 3145 887 3234 conllrui,
909 3164 1022 3219 aratro
1041 3146 1200 3247 offringi,
1219 3146 1383 3226 frondem.

418 3251 526 3347 caedi,
542 3277 634 3353 prata
648 3258 772 3358 irrigua
787 3257 909 3330 irerutn
925 3256 1039 3333 secari.

443 3446 453 3465 „
479 3371 645 3443 XXXIV.
666 3371 770 3442 Sexto
798 3366 983 3442 intervallo
1008 3368 1050 3440 ab
1076 3368 1285 3466 aequinodlio
1315 3400 1379 3448 au·

418 3480 579 3556 dumnali
603 3479 753 3576 incipere
774 3477 970 3578 [scribunt]
985 3498 1145 3575 oportere
1170 3480 1299 3571 serere,
1321 3486 1379 3558 us·

418 3591 487 3688 que⁰
505 3590 548 3662 ad
574 3589 662 3661 diem
687 3608 768 3661 κει.
788 3588 861 3684 poll
882 3589 1059 3678 brumam,
1077 3589 1137 3664 nisr
1161 3616 1238 3688 quae
1260 3593 1382 3668 neces··

418 3699 505 3773 saria
535 3696 633 3771 causa
666 3697 843 3791 coegerit,
871 3723 945 3770 non
972 3696 1102 3770 serere:
1124 3702 1230 3795 quod·
1247 3720 1380 3778 tantum

261 3812 264 3817 ’
405 3806 571 3903 ‚intersim
593 3821 631 3879 ut
650 3821 727 3875 ante
754 3805 903 3877 brumam
932 3806 1019 3894 sata,
1035 3807 1178 3904 septimo
1202 3809 1277 3895 die;
1301 3836 1382 3908 quae

406 3912 438 3989 'a
460 3918 576 3989 bruma
603 3915 686 4021 sata,
710 3930 761 3984 xa
788 3913 842 4011 ¹die
871 3913 931 3985 vir
957 3916 1120 3989 exsistant
1161 3941 1271 4012 neque
1301 3939 1382 3995 ante

414 4027 659 4126 reqmnouiun
678 4022 787 4124 incipi
806 4043 966 4122 oportere
988 4045 1129 4125 putant,
1143 4029 1258 4125 quod,
1277 4028 1383 4104 fimi-
