3509 5084
477 518 553 613 '176
627 518 677 590 M.
700 514 980 589 TERENTII
1007 514 1299 588 VARRONIS

480 701 549 775 que
570 673 610 747 iis
632 673 776 747 animam
800 673 911 745 datam
930 671 995 744 esse
1011 672 1155 767 proinde
1176 699 1216 747 ac
1236 672 1358 764 salem,
1373 699 1453 771 quae

479 787 630 862 servaret
644 809 789 858 carnem.
810 784 838 853 E
851 782 948 879 queis
969 780 1130 855 succidias
1144 780 1235 855 Galli
1249 783 1402 878 optimas
1416 790 1455 868 ὃ(

480 895 641 969 maximas
658 891 768 967 facere
783 892 1050 968 consueverunt.
1068 894 1283 995 Optimarum
1297 895 1456 993 signum,

479 1004 576 1101 quod
600 1003 699 1076 etiam
723 1028 815 1077 nunc
836 1002 1021 1100 quotannis
1045 1028 1063 1075 e
1086 1004 1198 1078 Gallia
1222 1026 1455 1101 apportantur

480 1114 629 1186 Romam
655 1138 769 1210 pernae
787 1111 967 1186 tomacinae
979 1164 990 1198 ,
1004 1115 1046 1185 δι
1066 1112 1226 1201 taniacae,
1245 1115 1284 1188 &
1306 1115 1457 1210 petasro·

481 1249 555 1297 nes.
575 1225 631 1296 De
646 1221 875 1319 magnitudine
893 1222 1104 1295 Gallicarum
1120 1222 1342 1295 succidiarum
1361 1227 1454 1299 Cato

480 1329 599 1407 scribit
614 1329 666 1403 his
688 1329 880 1405 verbistln
902 1329 995 1402 ltalia
1020 1329 1056 1402 in
1080 1330 1214 1405 scrobes
1233 1351 1328 1405 terna
1349 1356 1456 1430 atque

481 1458 645 1540 quaterna
663 1438 769 1511 millia
782 1436 871 1511 aulia
892 1436 1048 1511 succidia.
1072 1441 1161 1512 Vere
1173 1438 1226 1509 sus
1244 1438 1352 1536 usque
1367 1440 1458 1511 adeo

483 1548 723 1650 pinguitudine
744 1545 894 1620 crescere
914 1547 1021 1634 solet,
1040 1565 1078 1621 ut
1099 1547 1221 1644 seipsa
1244 1548 1330 1619 stans
1359 1548 1459 1621 susti·

482 1678 650 1729 aserenon
666 1652 786 1748 potiit,
802 1677 913 1750 neque
927 1651 1087 1750 progredi
1104 1653 1254 1751 usquam.
1268 1658 1389 1753 Itaque
1401 1681 1457 1729 eas

484 1765 511 1836 sr
528 1763 604 1861 quis
626 1787 699 1861 quo
722 1760 876 1856 trajicere
890 1765 983 1854 vult,
996 1766 1031 1836 in
1045 1765 1209 1861 plostrum
1230 1767 1393 1862 imponit.
1417 1772 1458 1841 In

484 1872 643 1972 Hispania
665 1870 846 1959 ulteriore,
863 1872 900 1943 in
918 1873 1085 1945 Lusitania
1101 1874 1153 1947 sus
1171 1902 1249 1949 cum
1264 1878 1343 1949 esset
1358 1878 1459 1951 occi·

485 1986 560 2075 sus,
577 1984 713 2057 Acrisius
733 1981 981 2078 Hispaniensis,
997 1984 1136 2059 minime
1153 1988 1297 2060 mendax
1313 1992 1351 2062 &
1367 1991 1459 2071 mul-

485 2114 599 2167 tarum
619 2116 731 2165 rerum
752 2092 879 2186 peritus
897 2091 933 2163 in
953 2091 1128 2184 dosirina,
1146 2094 1279 2169 dicebat
1293 2101 1329 2168 t„
1345 2099 1459 2171 Volu-

484 2201 587 2278 mnio
613 2200 770 2273 Senatori
800 2200 927 2273 missam
954 2200 1018 2273 esse
1043 2203 1182 2277 offulam
1212 2232 1291 2280 cum
1326 2209 1459 2283 duabus

483 2301 613 2404 cosiis,
627 2339 704 2409 quae
721 2314 883 2410 penderet
897 2335 943 2386 111
959 2316 1066 2387 &xx
1081 2319 1198 2413 pondo
1212 2343 1222 2390 τ
1237 2318 1378 2418 ejusque
1394 2323 1460 2395 suis

484 2445 593 2501 acute
607 2426 649 2496 ad
663 2449 702 2497 os
717 2425 836 2519 pedem
846 2426 941 2498 &111
956 2424 1079 2523 digitos
1092 2426 1199 2502 fuisse.
1212 2430 1277 2504 Cui
1292 2460 1362 2528 ego,
1372 2432 1459 2504 Non

485 2535 600 2609 minus
615 2557 665 2604 res
679 2532 890 2622 admiranda,
903 2559 979 2607 curn
994 2536 1040 2607 mi
1054 2537 1132 2611 esset
1145 2539 1249 2630 diua,
1263 2541 1298 2613 in
1312 2542 1462 2615 Arcadia

485 2642 559 2716 scio
574 2666 626 2712 me
641 2640 705 2710 esse
725 2639 907 2734 spedatum
923 2641 1013 2715 suem
1024 2700 1035 2736 ,
1048 2672 1124 2743 quae
1139 2675 1209 2743 prae
1219 2649 1462 2749 pinguitudine

486 2750 599 2824 carnis
620 2773 693 2821 non
714 2751 820 2824 modo
837 2750 970 2849 surgere
987 2780 1057 2825 non
1077 2759 1206 2853 posset,
1223 2759 1276 2832 sed
1293 2760 1396 2833 etiam
1421 2787 1461 2836 ut

428 2917 437 2935 .
487 2860 527 2936 in
543 2858 614 2955 eius
627 2884 775 2958 corpore
793 2859 892 2933 sorex
907 2862 1002 2936 exesa
1016 2890 1115 2939 carne
1132 2870 1247 2943 nidum
1259 2869 1404 2961 secisset,
1420 2876 1461 2950 &

486 2969 666 3069 peperisset
690 2996 812 3046 mures.
835 2973 914 3046 Hoc
936 2972 1036 3046 etiam
1058 2973 1094 3047 in
1119 2963 1232 3051 vineta
1253 2978 1376 3052 fadum
1400 3008 1461 3055 ac-

486 3078 576 3172 cepi.
596 3080 658 3151 Sus
672 3080 714 3150 ad
727 3079 887 3155 soeturam
902 3108 978 3179 quae
996 3083 1036 3155 stt
1052 3083 1230 3173 foecunda,
1244 3091 1460 3165 animadver-

487 3206 568 3258 tunt
587 3187 657 3261 sere
671 3214 714 3259 ex
728 3190 841 3286 primo
858 3212 978 3286 partu,
993 3197 1089 3290 quod
1104 3223 1175 3269 non
1193 3200 1338 3272 multum
1353 3201 1388 3274 irr
1405 3230 1459 3276 re·

485 3296 591 3395 liquis
610 3317 727 3373 mutat.
746 3302 784 3371 In
801 3303 971 3376 nutricatu
984 3332 1084 3402 quam
1105 3311 1381 3405 porculationem
1399 3339 1460 3412 ap·

485 3409 681 3508 pellabant,
697 3410 786 3485 binis
800 3412 964 3487 mensibus
979 3442 1105 3513 porcos
1121 3419 1233 3493 sinunt
1248 3447 1327 3494 cum
1342 3423 1460 3498 matri·

487 3520 563 3594 bus.
592 3520 647 3594 sed
667 3548 748 3613 eos,
774 3549 851 3598 cum
876 3524 943 3620 jam
972 3528 1061 3624 pasci
1088 3532 1244 3625 possunt,
1268 3532 1462 3609 secernunt.

488 3630 609 3719 Porci,
620 3632 678 3727 qui
695 3632 765 3705 nati
787 3634 915 3727 hieme,
929 3634 1014 3708 fiunt
1030 3638 1134 3712 exiles
1153 3663 1295 3738 propter
1308 3642 1461 3741 frigora,

488 3743 529 3815 δι
553 3743 648 3838 quod
671 3762 792 3818 matres
809 3745 1045 3842 aspernantur,
1069 3776 1211 3847 propter
1234 3754 1462 3851 exiguitatem

487 3853 602 3942 sassie,
618 3855 763 3950 &tquod
781 3855 936 3927 dentibus
952 3855 1140 3930 sauciantur
1153 3881 1336 3957 propterea
1350 3891 1463 3939 mam,

302 3986 305 3993 ·
365 3992 369 4003 ·
470 3985 564 4038 vmae.
585 3960 695 4040 scrofa
721 3962 756 4036 in
779 3961 835 4038 sua
860 3991 1001 4067 quaeque
1021 3968 1099 4042 hara
1121 3971 1199 4044 suos
1223 3972 1291 4045 alat
1315 3940 1463 4072 oportst
