3509 5084
974 352 996 389 u

913 516 937 549 χ

313 618 437 722 'ao
527 646 1235 760 unonctusxcnro

436 808 557 882 CLIX.
576 800 783 902 intertrigini
800 804 1004 891 remedium,
1016 803 1053 905 in
1068 804 1158 877 viam
1178 832 1256 879 cum
1275 806 1363 904 ibis,

387 917 546 997 absinthii
561 916 695 990 Pontici
713 914 881 988 surculum
902 914 961 986 sub
974 916 1078 986 anulo
1100 917 1237 992 habeto,

369 1122 373 1127 Ι
437 1032 542 1105 CLX.
565 1032 702 1101 Lunum
719 1027 749 1099 sr
764 1026 861 1123 quod
881 1024 950 1115 est,
970 1028 1032 1099 hac
1059 1032 1219 1103 cantione
1242 1033 1364 1108 sanum

363 1144 455 1239 ,fiet
476 1140 707 1215 Harundinem
725 1138 852 1236 prende
863 1138 927 1210 tibi
948 1138 1090 1212 viridem
1108 1162 1140 1215 Ρ.
1163 1164 1226 1271 wt'
1242 1166 1300 1218 aut
1322 1168 1365 1219 v.

387 1256 540 1352 longam,
562 1250 709 1346 Mediam
728 1250 887 1337 diffinde,
903 1251 940 1322 δι
958 1250 1203 1335 ἀυῳὴοιηίηες
1225 1276 1366 1331 teneant

387 1366 432 1440 ad
454 1362 670 1438 coxendices.
691 1357 808 1455 Incipe
828 1376 1164 1448 cantare,1NAL10.
1184 1384 1212 1435 s.
1229 1384 1260 1436 t.
1282 1386 1367 1437 MO-

387 1496 460 1549 TAs
480 1493 596 1546 vm
615 1490 752 1545 namus
777 1490 998 1543 unamines
1024 1491 1259 1545 restituturus
1284 1496 1367 1548 ors·

368 1570 625 1669 ¹sumuntur,
641 1580 744 1679 usque
762 1582 845 1654 dum
861 1590 994 1654 co'eant.
1012 1584 1037 1653 F
1042 1608 1150 1652 :rrum
1163 1582 1299 1679 insuper
1311 1582 1367 1680 ja·

386 1699 489 1771 dato.
511 1695 570 1768 ubi
589 1692 759 1778 coierint,
781 1695 820 1765 δι
844 1691 949 1763 altera
968 1691 1107 1764 alteram
1132 1695 1301 1791 tetigerit;
1329 1696 1367 1769 id

388 1833 493 1882 manu
518 1804 672 1901 prende,
698 1806 737 1876 δι
760 1803 877 1874 dextra
898 1802 1032 1875 sinistra¹
1048 1805 1205 1898 praecide.
1227 1809 1281 1880 Ad
1307 1808 1367 1881 lu·

387 1944 494 2003 xum,
509 1933 566 1987 aut
582 1915 624 1987 ad
643 1911 820 1985 fraduram
844 1913 963 2008 alliga,
980 1911 1095 1985 sanum
1113 1912 1180 1987 fiet.
1196 1918 1234 1989 &
1250 1937 1367 1995 tamen

387 2023 545 2122 quotidie
567 2038 704 2096 cantato
722 2020 758 2092 in
773 2022 906 2107 a1i0,s.
924 2041 955 2091 F.
976 2021 1031 2092 vel
1045 2021 1178 2099 luxato.
1204 2025 1268 2098 Vel
1294 2027 1368 2127 hoc

389 2135 525 2223 modo,
546 2142 660 2204 nunt
682 2150 822 2202 uanae
846 2150 958 2203 rauna
983 2152 1069 2221 agra
1092 2154 1203 2206 PISTA
1226 2156 1369 2228 stsn,

387 2265 580 2323 nournno
600 2240 876 2316 oauunusrna
892 2296 902 2329 ,
920 2242 1102 2317 &luxato
1125 2244 1192 2318 Vel
1208 2245 1277 2320 hoc
1292 2270 1369 2319 mo·

306 2446 312 2455 ⁸
388 2357 461 2445 do,
479 2374 590 2428 uuna·
606 2375 716 2427 aanor
736 2372 849 2423 naua
865 2371 951 2424 rsrn
968 2373 1021 2424 sas
1040 2372 1121 2425 ran
1137 2373 1189 2428 εις
1211 2373 1370 2429 annau·

389 2486 529 2540 ΝΑΒΟΝ
556 2485 832 2537 DUNNAUSTRA.
1314 2477 1317 2483 ·

441 2578 561 2649 CLXI.
579 2571 964 2672 Asparagusquomodo
977 2572 1113 2647 seratur.
1124 2576 1255 2649 Locum
1272 2575 1369 2651 subi·

391 2708 473 2782 gere
492 2700 633 2777 oportet
658 2683 769 2770 bene,
791 2681 849 2776 qui
871 2679 990 2752 habeat
1013 2680 1214 2771 humorem,
1229 2700 1287 2761 aut
1311 2684 1370 2757 lo·

392 2819 441 2867 co
462 2791 593 2867 craffo:
613 2790 672 2862 ubi
693 2790 757 2863 erit
778 2789 950 2877 tubanus,
964 2815 1057 2863 areas
1070 2789 1174 2865 facito
1187 2845 1198 2882 ,
1212 2812 1250 2862 ut
1265 2793 1370 2888 postis

392 2906 513 2978 dextra
527 2902 722 2999 finistraque
732 2901 853 2990 sarire,
867 2927 1029 2983 runcare,
1047 2891 1099 2975 ne*
1109 2904 1255 2979 calcetur
1276 2908 1370 2980 Cum

392 3040 485 3097 areas
504 3012 737 3109 deformabit,
756 3011 976 3089 intervallum
999 3010 1106 3085 facito
1134 3015 1223 3086 inter
1238 3040 1293 3088 eas
1315 3017 1369 3090 se-

392 3124 564 3220 mipedem
588 3122 693 3195 latum
712 3121 748 3194 in
763 3146 883 3195 omnes
898 3140 1020 3218 partes.
1035 3123 1154 3194 deinde
1175 3123 1288 3200 serito.
1316 3126 1370 3199 Ad

385 3234 521 3306 'linear'n
541 3232 619 3325 palo
641 3257 744 3327 grana
761 3232 839 3305 bina
863 3251 919 3327 aut
942 3251 1035 3305 terna
1049 3231 1230 3310 demitrito.
1245 3238 1284 3308 δε
1307 3262 1371 3310 eo·

393 3343 473 3415 dem
493 3342 573 3437 palo
597 3366 722 3413 cavum
737 3360 823 3413 terra
837 3341 986 3433 operito.
1008 3345 1143 3417 Deinde
1161 3346 1258 3443 supra
1273 3373 1370 3423 areas

373 3451 524 3525 ·stercus
548 3451 696 3549 spargito
709 3507 722 3542 ,
741 3453 828 3527 bene
850 3454 964 3529 serito,
991 3458 1182 3531 Secundum
1208 3464 1371 3558 aequino-

394 3561 500 3633 etium
521 3585 689 3651 vernum,
709 3562 768 3635 ubi
783 3559 846 3635 erit
860 3572 978 3659 natunr
987 3618 997 3653 ,
1011 3563 1128 3639 herbas
1144 3571 1266 3643 crebro
1285 3590 1372 3666 pur-¹

395 3694 478 3771 gato
491 3729 504 3765 ,
516 3690 730 3772 cavetoque,
746 3702 789 3749 ne
807 3676 985 3774 asparagus
999 3703 1064 3749 una
1080 3705 1155 3751 cum
1173 3680 1276 3751 herba
1294 3682 1373 3754 vel·

270 3814 276 3831 ·
394 3785 498 3857 latur.
513 3787 599 3878 Quo
618 3810 711 3857 anno
724 3785 869 3871 severis,
887 3787 1133 3863 substramentis
1149 3817 1208 3888 per
1221 3777 1372 3867 hiemem

396 3895 560 3991 operito,
575 3919 619 3968 ne
632 3913 817 3991 peruratur.
830 3896 968 3969 Deinde
983 3899 1095 3994 primo
1114 3928 1195 3973 vere
1210 3904 1372 3995 aperito,

396 4005 501 4082 fitrito
513 4063 525 4097 ,
536 4012 759 4106 runcatoqud.
775 4006 853 4080 Post
872 4033 996 4081 annum
1015 4013 1174 4099 tertium,
1191 4038 1295 4105 quam
1322 4014 1371 4088 se·

396 4116 490 4191 reris
501 4172 515 4213 ,
526 4117 704 4199 intendito
719 4141 799 4195 vere
818 4116 943 4216 primo.
958 4119 1094 4195 Deinde
1107 4142 1150 4195 ne
1164 4140 1242 4196 ante
1258 4121 1371 4199 sarue·
