3509 5084
584 579 1030 653 PRAEFATIO.
1250 602 1308 655 xv
1363 598 1373 613 '¹

334 737 507 839 spexerit,
520 737 670 834 negabit,
688 737 795 808 multo
818 734 882 829 jam
899 735 1113 810 commodius
1138 760 1307 819 castoras

338 846 611 942 emendatiusque
624 844 700 942 legi.
713 845 772 917 De
785 848 877 918 MSS.
900 830 992 918 illud
999 847 1109 922 adhuc
1130 874 1234 921 unum
1251 850 1306 921 iu·

341 963 508 1050 dicamus,
520 983 629 1031 unum
643 956 706 1027 else
718 955 932 1026 Vrarislaviae
946 956 980 1026 in
997 957 1202 1032 bibliotheca
1214 959 1306 1032 Rhe·

342 1071 538 1170 dingeriana
555 1067 672 1140 seculo
692 1066 852 1160 scriptum
869 1085 960 1154 Χιν,
974 1066 1184 1142 lemmatibus
1199 1073 1236 1143 δε
1252 1097 1307 1144 ca·

341 1183 450 1280 pitum
474 1178 689 1252 dislindlione
711 1196 899 1264 carentem,
919 1177 961 1248 de
984 1202 1054 1273 quo
1074 1204 1146 1251 non
1160 1183 1306 1253 audeba-

338 1316 414 1363 mus
425 1288 600 1385 negotium
614 1284 767 1357 sacessere
780 1282 1020 1354 humanissimo
1035 1285 1204 1373 Kranzi0,
1214 1289 1309 1382 quod
1387 1358 1394 1371 ,

338 1429 422 1489 non,
436 1401 534 1473 nimis
553 1400 658 1471 multa
674 1398 877 1493 speraremus
899 1423 918 1468 a
940 1397 1082 1487 codice,
1105 1400 1164 1494 qui
1188 1424 1252 1472 nos
1271 1401 1308 1474 in

341 1511 537 1584 ornithonis
571 1506 824 1604 descriptione,
852 1531 952 1603 quam
984 1506 1179 1580 submiserat
1209 1509 1309 1583 senex

339 1621 512 1716 optimus,
536 1616 713 1714 &paucis
737 1615 810 1711 aliis
835 1614 923 1686 locis
945 1614 1078 1702 dubiis,
1105 1616 1308 1692 destituisset.

341 1733 419 1804 Plus
442 1731 518 1828 opis
537 1729 651 1803 attulit
669 1727 811 1801 collatio
827 1751 869 1798 ex
888 1726 1030 1823 antiquo
1052 1729 1171 1800 codice
1190 1727 1308 1802 faura

340 1844 566 1915 THEoootto
582 1839 743 1911 thtcto
760 1891 771 1926 ,
786 1862 889 1933 quam
907 1837 1076 1910 Perizonii
1097 1863 1216 1937 rogatu
1228 1865 1307 1913 cum

343 1949 585 2048 Sclroettgenio
598 1946 911 2021 communicaverat
921 1948 978 2018 ΙἸο.
988 1948 1308 2021 Theodschalbru·

342 2059 450 2148 chius,
459 2053 771 2131 Amstelodamensrs
780 2055 886 2152 Lycei
898 2056 1307 2151 professormeritislimus.

390 2170 530 2241 Vl.'Dt=.
542 2169 781 2239 COLUMELLA
800 2166 905 2259 paulo
927 2167 1113 2239 accuratius
1125 2170 1308 2266 agendum,
1379 2253 1384 2259 ¹

347 2304 431 2352 cum
451 2277 511 2348 ille
531 2295 622 2348 totus
643 2276 752 2349 noller
772 2276 833 2365 stt,
849 2277 940 2349 Cato
961 2279 999 2350 δι
1021 2280 1132 2348 Varro
1154 2280 1308 2372 inprimis

344 2398 490 2485 propter
509 2386 634 2482 reliqua
655 2386 840 2482 scripra'ad
862 2385 1006 2457 aliorum
1029 2410 1170 2482 quoque
1195 2410 1308 2459 curam

267 2569 269 2573 .
341 2494 545 2592 pertineant.
565 2493 673 2589 Hujus
690 2495 792 2591 igitur
812 2496 917 2566 vitam
942 2495 1096 2591 scriptam
1122 2495 1186 2567 esse
1201 2496 1307 2572 eblo.

343 2606 474 2707 Argolo
495 2603 754 2700 Talioquitiensr
780 2629 851 2676 non
871 2624 1001 2675 tantum
1027 2630 1068 2676 ex
1086 2606 1249 2679 Teifferio
1274 2636 1307 2703 p.

346 2721 413 2788 160
425 2767 436 2802 ,
458 2717 497 2788 &
520 2713 610 2785 libro
636 2712 754 2786 italico
780 2716 888 2786 Gloria
907 2721 989 2811 degli
1012 2720 1163 2811 incogniti
1183 2743 1220 2813 p.¹
1241 2706 1303 2810 1ss

340 2824 542 2899 observavit
554 2823 861 2914 Lichtenhahnius‚
875 2826 1028 2899 Medicus
1044 2827 1078 2896 in
1094 2828 1237 2898 Saxonis
1253 2853 1308 2897 ce·

341 2933 444 3006 lebtis
457 2989 468 3024 ,
480 2931 576 3029 cujus
592 2958 693 3005 manu
713 2934 827 3029 passim
845 2953 1000 3006 notatum
1021 2934 1193 3028 exemplar
1214 2935 1309 3005 Aldi-

340 3071 424 3116 num
440 3046 642 3141 scriptorum
656 3044 704 3116 tei
717 3046 848 3118 rusticae
863 3046 1022 3143 pervenit
1035 3047 1076 3117 ad
1088 3047 1115 3120 J.
1132 3049 1176 3120 H.
1193 3046 1308 3118 Schul-

341 3155 432 3227 zium
453 3156 623 3229 medicum
645 3157 684 3228 δι
703 3155 918 3251 philologum
935 3156 1170 3245 clarissimum,
1187 3182 1308 3230 verum

342 3265 446 3334 etiam
464 3266 583 3339 docuit
604 3292 658 3337 me
677 3292 736 3362 per
756 3268 865 3338 literas
879 3266 1071 3358 FabriciuS,
1089 3291 1162 3339 eam
1178 3266 1308 3341 laudati

340 3371 380 3443 in
408 3371 484 3445 Nic.
504 3373 673 3448 Comneni
689 3376 898 3472 Papadopoli
923 3376 996 3450 hist.
1012 3366 1191 3474 Gymnasri
1209 3377 1307 3448 Pata·

340 3482 420 3558 viui
434 3485 477 3556 T.
496 3512 571 3580 2.p.
591 3512 667 3578 140.
685 3489 787 3557 Addit
808 3488 862 3559 vir
875 3487 1044 3572 summus,
1058 3483 1248 3586 Promiffam
1260 3491 1308 3556 vi·
1443 3516 1446 3521 ·

343 3601 401 3665 deo
426 3598 461 3663 in
486 3597 596 3690 elogiis
620 3601 881 3668 Academicorum
910 3599 1145 3693 Incognitorum
1172 3624 1204 3693 p.
1232 3619 1309 3693 195.

342 3708 466 3776 Utrum
484 3704 513 3777 is
533 3706 625 3776 idem
637 3706 676 3778 stt
699 3706 801 3790 liber,
819 3704 914 3797 cujus
927 3705 1040 3779 ltalice
1052 3708 1158 3778 modo
1172 3704 1307 3776 titulum
1363 3756 1366 3763 .
1385 3717 1402 3783 j·

344 3813 605 3886 Lichtenhahnii
626 3814 692 3885 side
706 3815 805 3886 retuli
818 3869 829 3900 ‚
844 3814 910 3906 jam
925 3838 997 3886 non
1008 3816 1170 3913 disquiro.
1184 3798 1323 3901 Ut'ruit't'¹

342 3920 456 3994 multo
477 3923 575 4018 plura
599 3922 727 3994 dederit
741 3922 907 4019 Argolis,
923 3924 979 3994 vel
993 3924 1073 3995 dare
1088 3923 1174 3993 adeo
1190 3938 1308 4011 potue·
1333 3912 1342 3927 ”

341 4028 407 4114 rit,
423 4055 524 4130 quam
543 4057 587 4108 ex
601 4029 675 4129 ipso
688 4056 792 4130 opere
809 4031 1068 4121 viriconslant,
1083 4025 1307 4121 nescio.erae
