3509 5084
454 576 499 636 to
597 561 648 636 Μ.
696 560 1039 635 PORCIUS
1088 561 1296 637 CATO

449 722 519 796 cini
541 747 610 819 quo
635 723 733 816 pallo
750 721 907 810 niteant,
926 719 961 793 id
984 721 1135 793 animum
1161 721 1357 795 advertito:
1378 719 1417 794 ἰή

448 830 542 905 bona
561 830 701 927 regione
717 830 801 901 bene
816 828 923 901 nitere
939 826 1140 923 oportebit:
1157 829 1195 900 &
1210 827 1259 898 uti
1273 848 1317 899 eo
1335 852 1415 901 cum

446 934 620 1025 introeas,
641 936 917 1032 circumspicias,
939 936 990 1008 uti
1012 935 1092 1008 inde
1114 935 1195 1007 exiri
1218 934 1338 1031 posstt:
1362 932 1415 1005 uti

319 1098 325 1107 -
446 1044 578 1117 bonum
597 1046 723 1118 coelum
749 1047 892 1131 habeat,
914 1068 957 1116 ne
978 1042 1210 1116 calamitosum
1234 1043 1304 1115 fiet.
1327 1040 1415 1115 Solo

385 1202 389 1210 ·
445 1154 565 1241 bon0,
591 1156 647 1228 sua
677 1156 804 1231 virtute
831 1156 953 1229 valeat.
983 1154 1017 1226 Si
1043 1153 1195 1249 poteris,
1220 1153 1280 1229 sub
1298 1153 1416 1227 radice

445 1263 575 1337 montis
590 1263 666 1354 siet,
681 1263 716 1335 in
732 1263 907 1336 meridiem
922 1262 1063 1358 spellet,
1075 1261 1158 1335 loco
1174 1260 1313 1351 salubri,
1326 1286 1414 1358 ope·

447 1373 613 1446 rariorum
630 1375 728 1470 copia
745 1374 1030 1471 fiet‚bonumque
1044 1373 1234 1471 aquarium,
1247 1375 1413 1471 oppidum

300 1487 305 1513 ⁸
353 1486 356 1491 ’
445 1486 597 1556 validum
622 1500 731 1579 prope
746 1484 826 1571 fiet,
844 1504 902 1555 aut
921 1508 1030 1573 mare,
1047 1502 1105 1554 aut
1122 1484 1253 1574 amnis,
1267 1511 1333 1584 qua
1355 1510 1415 1558 na-

448 1619 511 1667 ves
533 1595 726 1681 ambulant,
746 1613 803 1664 aut
828 1594 882 1667 via
906 1594 1021 1684 bona,
1042 1593 1261 1691 celebrisque.
1284 1596 1354 1667 siet
1375 1596 1415 1667 in
1503 1682 1505 1687 Ι

445 1700 488 1775 iis
503 1701 607 1798 agris,
622 1701 680 1799 qui
700 1727 772 1773 non
792 1701 876 1799 saepe
891 1702 1198 1799 dominosmutant
1211 1731 1220 1776 ε
1235 1705 1295 1801 qui
1311 1704 1346 1775 in
1360 1704 1415 1779 his

441 1813 531 1910 egris
552 1812 673 1906 praedia
693 1812 936 1907 vendiderim,
955 1838 1043 1911 quos
1066 1812 1177 1911 pigeat
1199 1814 1417 1911 vendidisse:

443 1923 495 1997 uti
511 1925 598 1997 bene
618 1923 820 1998 aedificatum
841 1926 911 2002 stet.
936 1928 1072 1999 Caveto
1097 1926 1241 1997 alienam
1261 1924 1411 2020 discipli·

441 2059 521 2107 nam
537 2054 662 2106 temere
685 2053 895 2115 contemnas.
921 2037 976 2108 De
993 2034 1138 2107 domino
1151 2032 1249 2106 bono
1263 2034 1415 2125 colono,

440 2142 608 2241 bonoque
625 2142 833 2217 aedificatore
845 2142 964 2217 melius
978 2162 1118 2216 emetur.
1132 2143 1185 2216 ad
1200 2140 1316 2214 villam
1330 2167 1409 2215 curn

439 2252 575 2340 venieS,
591 2254 726 2341 videto,
738 2255 815 2327 vasa
828 2252 962 2334 toccula
975 2254 1013 2329 δι
1028 2254 1122 2325 dolia
1136 2253 1242 2326 multa
1258 2277 1300 2325 ne
1314 2253 1411 2328 fient.

439 2365 512 2439 Ubi
539 2391 611 2438 non
636 2386 756 2455 erunt,
780 2366 866 2439 scito
890 2390 955 2462 pro
983 2365 1114 2439 ratione
1135 2364 1307 2439 srusluum
1331 2366 1409 2441 effe.

438 2476 661 2548 Instrumenri
677 2502 719 2548 ne
738 2476 849 2573 magni
868 2476 948 2566 siet,
961 2475 1044 2548 loco
1059 2476 1157 2549 bono
1171 2476 1243 2550 fiet.
1264 2477 1411 2568 Videto,

438 2608 542 2679 quam
568 2585 701 2656 minimi
725 2585 961 2677 instrumenti,
984 2587 1240 2684 sumtuosusque
1261 2613 1339 2686 ager
1363 2613 1410 2662 ne

438 2693 511 2769 fiet.
539 2695 635 2767 Scito
659 2695 747 2767 idem
775 2720 891 2792 agrum
913 2696 1010 2793 quod
1034 2697 1226 2787 bominem,
1252 2696 1410 2796 quamvis

439 2805 649 2903 quaesluosus
678 2804 1022 2894 slet‚s1sumtuosus
1048 2806 1135 2897 erit,
1161 2808 1308 2905 relinqui
1333 2831 1409 2882 non

438 2918 596 2991 multum.
632 2916 798 2990 Praedium
819 2917 914 3016 quod
930 2917 1074 3015 primum
1097 2918 1173 3009 siet,
1189 2918 1213 2990 st
1229 2943 1284 2992 me
1303 2944 1408 3016 roga·

382 3010 387 3025 ¹
438 3024 512 3113 bis,
525 3026 571 3099 fic
585 3026 706 3100 dicam.
728 3026 785 3099 De
806 3026 967 3099 omnibus
984 3028 1092 3126 agris,
1107 3028 1310 3126 optimoque
1322 3028 1408 3104 loco

437 3135 600 3209 liemeris
626 3134 740 3231 jugera
764 3138 835 3234 agri
860 3155 996 3210 centum
1011 3194 1021 3227 ,
1037 3138 1138 3212 vinea
1162 3136 1209 3210 est
1230 3138 1360 3234 prima,
1382 3138 1408 3211 si

437 3242 528 3318 vino
555 3243 667 3314 multo
696 3244 775 3331 fiet;
803 3245 952 3317 secundo
977 3246 1060 3319 loco
1088 3247 1208 3319 hortus
1233 3245 1409 3346 irriguus,

437 3354 542 3429 terrio
571 3353 742 3439 salibam,
767 3374 890 3455 quarto
919 3355 1075 3443 oletum,
1099 3355 1223 3454 quinto
1251 3376 1406 3452 pratum,

437 3462 537 3537 sexto
557 3486 697 3554 campus
716 3460 975 3551 frumentarius,
998 3462 1141 3557 septimo
1164 3461 1249 3535 silva
1267 3463 1405 3556 caedua,

437 3574 567 3665 oslqvo
579 3564 754 3643 brbustum
769 3625 779 3660 ,
794 3597 891 3644 nono
910 3573 1080 3669 glandaria
1094 3572 1186 3647 filva.

488 3688 527 3757 11.
548 3681 785 3757 Paterfamilias
802 3685 860 3757 ubi
884 3685 925 3755 ad
949 3686 1064 3757 villam
1086 3686 1202 3775 venit,
1224 3682 1283 3756 ubi
1298 3683 1404 3757 larem

436 3793 640 3868 familiarem·
650 3792 827 3883 salutavit,
846 3791 987 3871 fundum
1001 3797 1122 3868 eodem
1143 3795 1216 3885 die,
1230 3794 1254 3865 si
1268 3794 1406 3889 potest,

438 3904 650 3979 circumeat:
672 3904 783 3977 sinon
801 3928 847 3977 eo
866 3902 943 3994 die,
959 3924 994 3977 at
1006 3906 1175 4001 postridie.
1195 3904 1254 3997 ubi
1269 3930 1405 4003 cogno·

435 4011 511 4106 wit,
526 4015 707 4113 quomodo
720 4012 845 4089 solidus
855 4014 970 4091 cultus
982 4016 1061 4110 siet,
1076 4039 1247 4114 operaque
1261 4040 1340 4115 quae
1353 4015 1402 4091 sa·
