3509 5084
394 408 400 443 ¹
529 444 541 479 r

387 535 457 609 '168
533 537 586 611 M.
609 536 888 610 TERENTII
913 536 1211 610 VARRONIS

386 720 437 774 tes
461 698 630 776 meliores.
646 700 799 798 Reliquae
823 696 991 797 pastior'res
1013 700 1162 773 hiberno
1178 725 1217 772 ac
1241 722 1363 774 verno

386 829 542 906 tempore
564 811 635 884 hoc
652 829 803 897 mutant,
825 811 921 907 quod
940 811 1058 906 pruina
1082 809 1148 903 jam
1176 808 1364 900 exhalata,

386 921 585 1020 propellunt
600 922 639 995 in
657 922 838 1018 pabulum,
853 925 891 996 δι
909 920 1046 1018 pascunt
1065 922 1153 995 diem
1170 939 1303 1010 totum,
1319 948 1365 998 ac

386 1031 577 1104 meridiano
597 1049 754 1129 tempore
767 1033 868 1106 semel
882 1058 981 1131 agere
996 1042 1115 1129 potum
1130 1032 1206 1105 satis
1219 1034 1365 1112 habent.
1415 1103 1417 1109 .

387 1141 497 1232 Quod
517 1140 558 1212 ad
571 1140 740 1236 pastiones
759 1140 897 1229 attinet,
912 1141 986 1214 haec
1005 1141 1074 1215 fere
1093 1142 1168 1213 sunt
1183 1167 1192 1213 :
1207 1143 1304 1235 quod
1319 1143 1366 1215 ad

387 1248 566 1339 soeturam‚
585 1275 662 1345 quae
681 1249 802 1321 dica-m.
821 1248 970 1338 Arietes,
983 1249 1107 1346 quibus
1125 1247 1165 1320 srs
1185 1247 1302 1320 usurus
1317 1248 1366 1322 ad

387 1359 575 1448 soetutam,
597 1360 743 1433 bimestri
765 1379 919 1456 tempore
937 1377 1015 1431 ante
1035 1358 1300 1446 secernendum,
1322 1361 1364 1433 δι

385 1471 510 1569 largius
531 1472 660 1566 pabulo
680 1471 901 1566 explendum.
924 1473 1013 1545 Cum
1035 1470 1207 1543 redierunt
1229 1470 1274 1542 ad
1294 1469 1366 1540 iia-7
1416 1502 1421 1510 1

387 1585 468 1659 bula
487 1609 506 1656 e
524 1583 641 1679 pastu,
661 1584 806 1656 ordeum
828 1582 854 1654 st
873 1584 921 1657 est
939 1584 1053 1656 datum
1065 1637 1077 1672 ‚
1090 1579 1258 1654 firmiores
1272 1579 1367 1653 fiunt

270 1719 273 1723 ¹
388 1693 432 1766 ad
449 1693 600 1763 laborem
619 1690 858 1777 sustinendum.
885 1693 1037 1789 Tempus
1055 1689 1224 1790 optimum
1240 1692 1283 1764 ad
1305 1693 1366 1764 ad·

387 1803 615 1892 mittendum,
630 1802 673 1874 ab
689 1801 812 1875 arcturi
827 1801 953 1876 occasu
974 1803 1016 1874 ad
1030 1802 1152 1900 aquilae
1172 1801 1332 1875 occasum
1348 1854 1364 1887 ,

389 1919 484 2017 quod
503 1941 580 2012 quae
605 1914 722 2011 postea
740 1914 967 2012 concipiunt,
981 1913 1068 2002 fiunt
1088 1914 1297 2013 vegrandes,
1311 1930 1366 1985 at·

388 2050 458 2123 que
479 2024 669 2098 imbecillae.
683 2025 775 2098 Ovis
788 2049 964 2122 praegnans
976 2026 1024 2097 est
1036 2024 1153 2098 diebus
1173 2045 1230 2096 cr..
1244 2022 1366 2120 itaque

388 2136 438 2210 fit.
451 2157 562 2235 partus
588 2137 682 2210 exitu
705 2134 935 2225 audiumttali,
960 2161 1037 2209 cum
1066 2160 1123 2209 aer
1150 2133 1196 2205 est
1223 2132 1368 2206 modice

388 2270 618 2347 temperatus,
639 2247 847 2359 &primitus
868 2247 979 2320 oritur
991 2248 1095 2322 herba
1112 2210 1278 2319 imbribus
1294 2245 1370 2342 ptis

388 2361 546 2437 moribus
570 2378 727 2436 evocata.
755 2352 932 2452 Quamdiu
958 2358 1134 2463 admiffura
1160 2354 1224 2446 fit,
1244 2355 1367 2428 eadem

389 2495 476 2566 aqua
499 2469 549 2544 uti
570 2487 732 2564 oportet,
746 2469 842 2563 quod
859 2467 1086 2541 commutatio
1107 2467 1145 2539 δι
1159 2464 1268 2537 lanam
1282 2463 1368 2537 facit

390 2577 519 2652 variam
532 2629 543 2667 ,
557 2578 594 2649 δι
610 2575 800 2669 corrumpit
817 2594 961 2647 uterum.
982 2575 1071 2645 Cum
1089 2596 1209 2658 omnes
1232 2587 1368 2645 conce⁴
1423 2627 1426 2630 -

389 2707 537 2787 perum,
560 2687 672 2759 rursus
699 2687 818 2758 arictes
845 2685 1063 2757 secernendi:
1086 2684 1134 2756 ita
1155 2676 1248 2754 fadis¹
1269 2706 1368 2778 prae·

314 2873 315 2876 ,
353 2888 366 2905 ,
388 2797 570 2900 guantibus
584 2797 680 2892 quod
695 2795 772 2869 sunt
788 2795 939 2882 molesti,
952 2793 1140 2892 [obsunt]
1154 2794 1274 2895 Neque
1291 2789 1365 2888 pati

388 2925 532 3005 oportet
550 2906 727 2997 minores,
753 2918 853 3004 quam'
878 2905 982 2976 bimas
1000 2904 1113 2995 saliri,
1138 2901 1233 3000 quod
1248 2926 1365 2998 neque

276 3046 279 3050 ·
389 3035 509 3089 natum
531 3042 573 3089 ex
594 3017 827 3091 his0idoneum
847 3016 919 3104 est,
941 3035 1051 3112 neque
1073 3037 1146 3087 non
1169 3010 1249 3109 ipsae
1273 3009 1368 3084 fiunt

316 3184 322 3199 .
389 3129 490 3200 etiam
506 3128 690 3199 deteriores
706 3131 765 3201 :&
779 3151 850 3199 non
870 3125 1028 3199 meliores
1040 3179 1051 3215 ,
1062 3150 1163 3222 quam
1183 3123 1292 3196 trimae
1306 3124 1367 3198 ad·

389 3235 504 3311 miffae.
525 3235 697 3307 deterrent
711 3235 754 3305 ab
766 3232 915 3308 saliendo
928 3233 1060 3321 fiscellis
1074 3261 1093 3308 e
1108 3234 1236 3329 junco,
1250 3235 1367 3308 aliave

389 3373 459 3445 qua
479 3364 516 3420 te
528 3401 541 3437 ,
555 3343 652 3446 quod
665 3346 801 3445 affigant
816 3349 857 3421 ad
873 3367 1038 3421 naturam.
1054 3347 1283 3422 Commodius
1296 3347 1368 3419 ser-

391 3475 544 3545 vamur,
568 3457 592 3528 fi
612 3457 752 3531 secretas
773 3457 924 3556 pascunt.
946 3462 983 3531 ln
1008 3458 1178 3534 nutricatu
1201 3483 1280 3530 cum
1299 3483 1366 3554 pa·

335 3588 339 3595 ·
389 3590 465 3640 rere
485 3568 835 3666 coeperunt‚inigunt
853 3568 890 3641 in
911 3569 1038 3642 stabula
1060 3594 1119 3658 ea,
1141 3592 1217 3666 quae
1235 3566 1368 3640 habent

389 3678 434 3750 ud
454 3703 526 3751 eam
545 3703 617 3751 rem
637 3678 778 3771 seclusa,
793 3679 908 3778 ibique
923 3703 998 3754 nata
1020 3679 1232 3754 recentia‘ad
1247 3678 1366 3776 ignem

389 3786 500 3886 prope
519 3806 684 3885 ponunt,
707 3791 822 3885 quoad
842 3790 1117 3879 convaluerunt,
1133 3787 1274 3860 biduum
1301 3805 1366 3861 aut

389 3897 539 3970 triduum
560 3897 727 3984 retinem3
748 3899 827 3970 dum
845 3900 1029 3998 agnoscant
1042 3920 1182 3973 matrem
1201 3898 1306 3996 'agni‚
1325 3903 1367 3975 &

263 4042 265 4047 ·
388 4009 517 4105 pabulo
534 4011 566 4087 se
587 4011 748 4120 saturem.
771 4011 892 4088 deinde
914 4012 994 4088 dum
1015 4032 1138 4090 matres
1156 4037 1235 4088 cum
1259 4035 1365 4112 grege

649 4231 651 4239 .
775 4219 827 4279 Ὗ,
