3509 5084
465 584 513 655 M.
533 581 574 654 T.
596 583 736 654 VARR.
760 579 829 653 DE
853 583 914 652 RE
935 583 1165 691 nusum.
1184 590 1225 661 11.
1280 604 1350 685 ¹55⁴,

389 768 515 833 camus,
527 745 584 842 qui
597 744 696 817 nobis
710 745 869 829 advehar,
882 746 942 842 qui
957 745 1058 819 saturi
1068 745 1189 822 *fiamus
1201 774 1243 820 ex
1258 749 1351 822 Afri-

391 879 454 944 ca,
477 856 516 927 &
535 854 681 926 Sardinia
696 882 705 925 :
720 856 758 927 &
782 853 926 928 navibus
950 856 1155 930 vindemiam
1171 859 1352 936 condimus

390 989 435 1035 ex
453 963 560 1035 'insula
573 964 648 1036 Coa
662 963 804 1038 &Chia
822 965 987 1062 ltaque.in
1003 993 1069 1064 qua
1081 987 1168 1041 terra
1184 970 1354 1044 culturam

391 1073 461 1170 agri
483 1074 673 1147 docuerruir
690 1074 839 1170 pastores
852 1076 1049 1172 progeniem
1063 1077 1175 1168 suam,
1191 1079 1249 1176 qui
1268 1097 1355 1157 con<

391 1180 548 1252 diderunt
565 1179 701 1269 urbem,
718 1179 764 1256 ibi
785 1201 905 1254 contra
919 1185 1099 1282 progenies
1115 1211 1255 1274 eorum,
1269 1205 1357 1281 pro-j

345 1346 348 1357 .
389 1300 465 1386 pter
482 1286 675 1377 avaritiam,
689 1306 809 1362 contra
823 1289 934 1388 leges,
949 1316 993 1362 ex
1006 1291 1171 1391 segetibus
1187 1291 1267 1365 fecit
1280 1310 1357 1388 pra-I

388 1418 447 1490 ta,
467 1400 661 1496 ignorantes
675 1424 745 1470 non
764 1399 852 1470 idem
868 1400 930 1472 effe
955 1401 1191 1498 agriculturam
1207 1456 1218 1491 ‚
1239 1405 1276 1475 &
1291 1416 1356 1497 pa·'.

351 1498 357 1516 Χ
391 1508 543 1581 stionem.
564 1508 646 1580 alius
660 1508 750 1580 enim
769 1508 901 1604 opilio,
918 1511 955 1584 &
977 1532 1113 1584 arator:
1133 1511 1231 1585 necfi
1253 1513 1355 1608 poffit

390 1618 428 1690 in
447 1643 527 1717 agro
547 1617 656 1713 pasci,
670 1618 889 1690 armentarius
910 1644 982 1692 non
1001 1621 1092 1693 aliud
1114 1646 1153 1694 ac
1175 1620 1356 1694 bubulcus-¹

390 1730 589 1801 Armentum
603 1725 694 1799 enim
705 1725 762 1814 id,
776 1728 871 1822 quod
885 1727 919 1798 in
930 1753 1011 1828 agro
1025 1747 1140 1802 natum
1153 1755 1224 1803 non
1240 1750 1357 1820 creat,'

391 1835 446 1906 sed
466 1835 557 1906 tollit
578 1834 744 1906 dentibus.
764 1856 904 1918 contra,
920 1837 984 1909 bos
1004 1840 1155 1910 domitus
1171 1839 1267 1911 causa
1287 1836 1356 1928 fit,

389 1962 428 2015 ut
440 1941 653 2017 commodius
668 1943 820 2014 nascatur
833 1942 1042 2015 frumentum
1057 1943 1092 2014 in
1106 1944 1231 2040 segete,
1245 1949 1281 2018 ὃ(
1297 1967 1358 2038 paq

391 2051 510 2124 bulum
535 2051 570 2124 in
590 2050 720 2124 novali.
745 2051 846 2137 Alia,
871 2056 1028 2145 inquam,
1052 2051 1141 2125 ratio
1162 2078 1202 2124 ao
1223 2052 1358 2127 scienda

390 2159 527 2249 coloni,
540 2159 604 2234 alia
620 2159 770 2255 pastoris.
785 2159 930 2247 coloni,
945 2178 981 2231 ut
995 2184 1053 2247 ea,
1067 2184 1143 2260 quae
1156 2159 1191 2231 in
1209 2160 1358 2257 agricul-

390 2285 465 2339 tura
484 2267 661 2340 nascantur
680 2287 825 2357 eterra,
844 2266 991 2340 fructum
1005 2266 1140 2340 faciant.
1160 2289 1279 2340 contra
1294 2285 1360 2364 pa·'

390 2376 514 2466 storis3
535 2395 572 2449 ut
592 2403 653 2466 ea,
667 2403 744 2474 quae
766 2396 844 2450 nata
860 2403 915 2463 ex,
930 2401 1069 2474 pecore.
1091 2402 1235 2474 quarum
1252 2401 1358 2473 ‘quos

391 2487 483 2559 niam
495 2477 645 2561 ‘societas
664 2487 752 2560 inter
764 2488 796 2559 se
814 2511 961 2584 magna,
978 2503 1158 2583 propterea
1178 2484 1272 2581 quod
1296 2503 1359 2590 9³⁴
1378 2542 1387 2573 ,

391 2601 508 2673 bulum
530 2600 565 2671 in
589 2599 697 2672 fundo
721 2599 963 2696 compascere,
983 2623 1084 2694 quam
1112 2598 1260 2672 vendere
1282 2594 1359 2691 ple·

346 2701 348 2706 ¹
391 2736 539 2808 rumque·
549 2711 652 2811 magis
665 2713 803 2808 expedit
814 2712 959 2797 domino
975 2709 1093 2797 fundi3
1108 2711 1146 2783 δι
1159 2707 1359 2783 stercoratio

392 2823 434 2893 ad
453 2819 577 2896 fructus
595 2822 764 2894 terrestres
783 2823 967 2914 aptiffima,
981 2822 1018 2891 δι
1031 2817 1176 2889 maxime
1188 2818 1228 2888 ad
1244 2817 1280 2886 id
1295 2840 1358 2909 pe-

392 2955 451 3002 cus
465 2931 654 3024 appositum
668 2955 677 2999 ε
694 2929 753 3022 qui
773 2928 872 2998 habet
890 2925 1074 3020 praedium,
1088 2923 1213 2993 habere
1226 2929 1358 2992 urrani·¹

391 3056 458 3135 que
477 3034 577 3108 debet
595 3033 880 3126 disciplinatum&
904 3030 1139 3128 agriculturae,
1158 3031 1197 3103 &
1221 3028 1357 3125 pecoris

392 3139 574 3237 pascendi,
595 3140 634 3210 δι
654 3137 754 3209 etiam
778 3135 936 3208 villaticae
949 3135 1121 3231 pastionis.
1141 3137 1193 3206 Ex
1211 3158 1249 3206 ea
1262 3135 1357 3234 enim

391 3271 531 3346 quoque
546 3247 671 3319 fructus
688 3244 775 3337 rolli
780 3245 916 3341 possunt
931 3268 1003 3315 non
1016 3244 1204 3317 mediocres
1214 3268 1279 3332 „ex
1293 3268 1357 3316 or-

392 3360 613 3446 nithonibus‚
627 3383 666 3430 ac
679 3355 871 3453 leporariis,
890 3357 928 3427 δι
948 3354 1093 3448 piscinis.
1113 3355 1141 3424 E
1157 3352 1250 3449 queis
1265 3371 1358 3450 quo-j

394 3471 484 3543 niam
504 3471 545 3540 de
568 3466 769 3562 agricultura
790 3465 914 3535 librum
936 3460 1120 3532 Fundaniae
1142 3462 1245 3531 uxori
1270 3485 1357 3555 pro-

394 3598 470 3675 pter
488 3576 560 3667 ejus
578 3575 719 3646 fundum
739 3572 805 3645 feci
820 3599 829 3644 τ
842 3570 925 3659 tibi,
939 3569 1045 3666 Niger
1058 3568 1204 3642 Turrani
1217 3567 1355 3660 noster,

394 3687 453 3785 qui
467 3691 686 3762 vehementer
706 3681 877 3795 delectaris
898 3701 1048 3775 pecore,
1066 3697 1246 3775 propterea
1259 3676 1356 3775 quod

394 3815 427 3867 te
443 3797 676 3868 emturienrem
691 3795 725 3864 in
738 3817 876 3889 campos
889 3794 1026 3864 Macros
1040 3792 1083 3863 ad
1094 3809 1278 3864 mercatum
1293 3789 1355 3861 ad'·

395 3906 523 3976 ducunt
545 3906 663 3977 crebro
679 3905 800 3998 pedes,
818 3926 889 4000 quo
907 3901 1040 3976 facilius
1063 3901 1224 3974 sumtibus
1248 3900 1353 3974 multa

394 4013 608 4114 poscentibus
632 4013 822 4106 ministres,
845 4013 942 4112 quod
972 4035 1016 4085 eo
1040 4009 1172 4086 facilius
1200 4005 1351 4104 faciam,
