3509 5084
426 536 498 612 ²34
569 513 619 586 M
644 508 929 583 TERENTll
956 507 1251 582 VARRONIS

425 672 468 746 de
492 670 619 746 cocleis
639 697 679 769 ac
700 670 842 775 gliribus
861 695 1003 768 quaero,
1025 672 1119 771 quod
1142 671 1315 769 reliquum
1341 670 1407 750 ers·

424 783 636 882 nequeenim
648 808 807 879 magnum
818 782 1089 856 emolumentum
1101 780 1167 852 esse
1178 779 1303 877 potest.
1316 781 1404 854 Non

423 892 509 967 illuc
523 882 596 966 ¹tarn
615 890 756 987 fimplex
772 890 840 981 est,
857 891 969 989 inquit
982 892 1121 963 Avarus
1134 944 1145 977 ,
1159 914 1260 986 quam
1284 907 1322 962 ru
1338 912 1407 986 pud

423 1021 497 1092 ras,
508 1029 533 1078 ο
548 1003 616 1076 Axi
632 1002 755 1077 noller.
769 1028 847 1075 nam
859 1002 1055 1076 &idoneus
1068 999 1201 1073 subdio
1215 998 1405 1073 sumendus

424 1116 523 1190 locus
537 1113 735 1203 cocleariis,
748 1140 849 1212 quem
865 1112 994 1188 circum
1014 1128 1125 1184 totum
1140 1137 1227 1209 aqua
1240 1113 1403 1203 claudas,

271 1268 275 1275 ·
425 1251 469 1301 ne
480 1251 564 1324 quas
578 1227 625 1300 ibi
640 1225 791 1323 posueris
805 1227 847 1299 ad
862 1244 994 1321 partum
1006 1278 1017 1312 ,
1030 1249 1103 1296 non
1117 1222 1246 1298 liberos
1261 1249 1417 1316 earum,·

424 1333 480 1408 sed
498 1335 584 1430 ipsas
597 1360 736 1432 quaeras.
753 1338 869 1429 Aqua,
882 1341 1011 1430 inquam
1024 1390 1033 1420 ‚
1047 1331 1230 1426 finiendae,
1244 1358 1289 1406 ne
1308 1333 1405 1432 sugi-

423 1444 566 1518 tivarius
584 1445 623 1519 sit
638 1446 815 1540 parandus.
828 1448 941 1518 Locus
957 1443 983 1514 is
997 1443 1141 1530 melior,
1155 1460 1259 1539 qsrem
1273 1447 1312 1517 δι
1326 1469 1404 1516 non

425 1553 546 1649 coquit
560 1552 628 1641 sol,
644 1557 684 1629 δι
699 1553 806 1649 tangit
821 1577 889 1624 ros.
912 1551 984 1644 Qui
1006 1549 1030 1622 ss
1048 1549 1210 1622 naturalis
1233 1574 1309 1621 non
1330 1549 1406 1640 est,

425 1661 565 1762 (ursere
580 1689 651 1735 non
676 1664 750 1734 sunt
773 1665 808 1735 in
832 1664 952 1757 aprico
976 1661 1077 1760 loco)
1092 1688 1204 1759 neque
1225 1662 1353 1735 habeas
1367 1663 1404 1737 in

424 1796 561 1867 opaco,
575 1790 613 1844 ut
627 1772 752 1860 facias,
770 1790 809 1845 ut
825 1773 901 1845 sunt
916 1772 976 1844 sub
993 1773 1135 1866 rupibus
1148 1798 1188 1846 ac
1203 1772 1408 1863 montibus,

425 1903 573 1977 quorum
588 1881 717 1955 alluant
729 1883 857 1956 radices
876 1880 968 1955 lacus
982 1907 1021 1954 ac
1037 1881 1160 1968 fluvii,
1175 1909 1280 1954 manu
1292 1881 1407 1964 facere

426 2000 568 2082 oportet
586 1986 770 2062 roscidum.
791 1990 852 2086 qui
872 1987 932 2075 fir,
953 1989 978 2060 sr
995 1988 1153 2061 eduxeris
1177 1987 1345 2080 sillularn,
1368 1992 1407 2064 δι

427 2096 465 2168 in
484 2119 559 2169 eam
578 2096 779 2171 mammillas
793 2096 995 2191 imposueris
1007 2117 1144 2180 tenues,
1158 2123 1234 2194 quae
1250 2100 1407 2171 erudent

428 2228 568 2302 aquam.
589 2203 637 2278 ira
660 2224 698 2277 ur
720 2204 755 2278 in
775 2205 920 2302 aliquem
939 2204 1087 2298 lapidem
1111 2205 1259 2292 incidat,
1276 2231 1318 2279 ac
1343 2207 1408 2281 late

427 2314 613 2409 dissipetur.
635 2315 766 2389 Parvus
787 2316 829 2388 iis
849 2316 945 2388 cibus
962 2340 1049 2410 opus
1065 2315 1130 2404 ell,
1149 2315 1233 2388 &is
1251 2316 1328 2401 line
1345 2316 1408 2389 mi·

428 2421 617 2497 nistrarore.
639 2424 682 2494 Et
696 2424 811 2514 hunc,
827 2424 907 2496 dum
924 2423 1043 2518 serpit,
1058 2447 1129 2497 non
1148 2424 1258 2497 solum
1273 2426 1310 2498 in
1329 2452 1405 2500 area

427 2531 574 2628 reperit,
586 2532 642 2605 sed
657 2533 777 2620 etiam,
793 2535 816 2605 sr
837 2534 934 2607 rivus
957 2553 1029 2607 non·
1046 2533 1230 2630 prohibet,
1245 2533 1281 2606 in
1297 2536 1406 2632 parie-

428 2660 480 2716 tes
491 2640 614 2714 slantes
634 2642 780 2714 invenit.
802 2643 964 2739 Denique
977 2644 1058 2740 ipsae
1072 2646 1354 2743 exgruminantes
1367 2648 1407 2721 ad

428 2748 607 2849 propalam
630 2749 738 2822 viram
760 2751 819 2824 diu
841 2754 1058 2848 producunt,
1073 2781 1151 2827 cum
1170 2755 1214 2827 ad
1235 2740 1314 2828 eam
1338 2783 1409 2830 rens

269 2855 272 2863 ’
373 2944 382 2959 „
430 2885 538 2960 pauca
558 2860 671 2935 laurea
688 2860 773 2934 solia
795 2861 1021 2958 interjiciant‚
1041 2868 1078 2937 δι
1100 2865 1276 2961 aspergant
1292 2864 1409 2941 furfu-

431 2996 486 3045 res
504 2996 576 3044 non
600 2974 736 3046 multos.
761 2977 878 3070 lraque
900 2998 1036 3071 coquus
1056 2974 1117 3046 has
1134 2972 1234 3046 vivas
1248 2998 1291 3046 an
1314 3000 1409 3048 rnor-

394 3136 398 3141 -
431 3099 507 3157 tuas
529 3101 677 3181 coquat,
690 3081 889 3180 plerumque
913 3084 1029 3158 nescit.
1051 3085 1187 3156 Genera
1208 3085 1409 3160 coclearum

431 3191 511 3267 sunt
522 3194 680 3288 plura,ut
693 3195 835 3268 minutas
847 3195 989 3284 albulae,
1001 3222 1079 3295 quae
1092 3196 1281 3272 afferuntur
1296 3180 1410 3273 eRe'a·

432 3303 530 3388 rino,
545 3307 582 3378 δι
598 3305 764 3397 maxime,
776 3331 853 3402 quar
872 3306 914 3378 de
936 3304 1081 3403 lllyrico
1102 3324 1352 3402 apportanrun
1374 3313 1411 3384 dc

433 3412 645 3502 mediocres,
660 3440 737 3512 quae
747 3440 790 3488 ex
803 3413 920 3490 Africa
933 3414 1132 3490 afferuntur.
1147 3418 1231 3490 Non
1246 3444 1324 3516 quo
1337 3444 1410 3493 non

433 3523 471 3596 in
486 3522 536 3594 his
555 3523 750 3618 regionibus
770 3525 966 3621 quibusdam
984 3523 1088 3617 locis,
1101 3551 1151 3598 eae
1162 3527 1412 3626 magnitudini·

435 3629 498 3704 bus
514 3635 612 3720 [non]
630 3629 693 3703 srnt
709 3631 897 3726 dispariles:
911 3657 989 3704 nam
1003 3634 1042 3706 δι
1055 3631 1152 3705 valde
1170 3633 1294 3729 amplae
1310 3638 1411 3725 sunt,

433 3766 641 3841 quamquam
656 3767 699 3813 ex
718 3741 856 3833 Africa,
869 3768 947 3840 quae
961 3759 1132 3816 vocantur
1148 3743 1353 3837 solitam,
1365 3744 1413 3819 ita

433 3867 476 3922 ut
491 3847 527 3920 in
540 3873 593 3920 eas
607 3868 716 3922 cxxx
736 3851 939 3948 quadrantes
953 3848 1081 3944 conjici
1096 3850 1241 3951 poffintl,
1254 3854 1294 3926 δι
1308 3853 1357 3928 fic
1375 3855 1412 3927 in
1504 3922 1507 3931 .

440 3958 514 4034 aliis
532 3958 734 4059 regionibus,
749 3962 876 4036 eaedem
893 3961 982 4035 inter
996 3959 1030 4035 se
1049 3959 1182 4038 collatae
1197 3962 1236 4038 &
1254 3960 1414 4040 minores
