3509 5084
453 587 503 669 52
594 572 1290 652 MPORcluscho

412 807 416 815 f
449 733 546 804 tione
565 729 687 802 indito.
711 731 754 800 Et
774 726 861 801 idem
882 728 951 802 hoc
973 730 997 803 fi
1017 729 1117 805 facies
1136 736 1336 824 adarbores
1360 739 1410 811 ie-

449 866 563 925 races,
582 864 629 909 eae
646 863 786 935 quoque
807 838 963 912 meliores
981 838 1072 913 fient.
1093 842 1146 915 Ad
1160 868 1212 917 eas
1232 847 1409 922 stramenti

448 973 492 1021 ne
513 946 690 1019 addideris.

495 1060 623 1133 XCIV.
644 1056 714 1130 Fici
737 1055 787 1129 uti
803 1056 941 1152 *grossos
965 1072 1122 1149 teneant,
1143 1060 1247 1133 facito
1269 1064 1409 1147 omnin

445 1197 518 1273 quo
532 1168 639 1242 modo
654 1165 740 1237 oleae
751 1219 762 1253 ‚
774 1167 814 1239 δι
825 1167 895 1240 boc
909 1168 1061 1263 amplius.
1080 1171 1170 1243 Cum
1187 1197 1247 1244 ver
1255 1197 1408 1269 appetet,

443 1303 568 1360 terram
580 1277 778 1372 adaggerato
799 1275 895 1347 bene.
907 1277 942 1348 Si
958 1276 1004 1349 ita
1019 1276 1157 1371 feceris,
1169 1281 1207 1353 δι
1221 1282 1319 1377 groffi
1335 1310 1407 1376 non

441 1390 585 1475 cadent,
606 1383 716 1457 &fici
736 1382 857 1456 scabrae
875 1408 948 1456 non
962 1382 1062 1476 fient,
1075 1389 1113 1460 δι
1130 1387 1240 1460 multo
1259 1388 1407 1469 feracio-

444 1527 500 1577 tes
522 1515 630 1570 erunt.

492 1608 603 1681 XCV.
630 1601 875 1675 Convolvulus
895 1601 931 1675 in
955 1604 1057 1678 vinea
1081 1630 1125 1678 ne
1141 1605 1406 1696 fiet,amurcant

322 1798 324 1803 ,
442 1715 607 1798 condito,
624 1736 742 1808 puram
763 1711 847 1782 bene
861 1710 990 1802 facito,
1004 1714 1039 1785 in
1055 1739 1116 1787 vas
1130 1716 1272 1796 ahenum
1293 1716 1405 1792 indito

442 1825 588 1922 congios
607 1842 651 1894 11.
670 1820 790 1917 postea,
806 1820 877 1917 igni
897 1822 966 1893 leni
982 1823 1147 1919 coquito,
1159 1825 1313 1898 rudicula
1334 1826 1405 1924 agi·

440 1959 515 2015 tato
540 1934 680 2017 crebro,
703 1930 933 2027 usqueadeo,
958 1931 1037 2004 dum
1060 1931 1121 2006 fiat
1143 1951 1211 2006 tam
1236 1937 1403 2026 craffunt,

440 2073 543 2150 quam
560 2044 638 2118 mel.
660 2041 776 2112 Postea
793 2040 917 2113 sumito
936 2040 1109 2117 bitinninis
1130 2044 1341 2133 tertiarium,
1362 2049 1403 2121 δι

439 2157 573 2234 sulfuris
596 2150 814 2251 quartarium.
842 2149 1027 2222 Conterito
1055 2150 1091 2223 in
1116 2154 1282 2228 mortario
1307 2155 1402 2228 seor·

438 2269 511 2342 sum
528 2285 718 2358 utrumque.
740 2259 857 2333 Postea
872 2259 1011 2333 infriato
1024 2286 1123 2358 quam
1137 2263 1352 2340 minutiffinte
1364 2267 1401 2339 in

311 2403 318 2419 ,
438 2397 608 2450 amurcam
640 2368 849 2456 caldam&
874 2369 970 2440 simul
998 2371 1151 2444 rudicula
1176 2372 1339 2464 misceto,
1360 2379 1401 2451 &

439 2487 555 2557 denuo
578 2478 720 2574 coquito
743 2475 801 2547 sub
825 2476 896 2549 dio.
917 2503 1000 2552 ¹nam
1025 2478 1051 2550 fi
1075 2479 1111 2553 in
1135 2482 1225 2553 tedio
1248 2507 1401 2580 coquas,

386 2625 389 2630 ¹
436 2617 514 2665 cum
537 2587 688 2665 bitumen
716 2583 877 2657 &dulfur
901 2585 1050 2660 additum
1074 2587 1143 2679 est,
1167 2592 1400 2669 excandescet.

379 2720 383 2725 ·
436 2700 507 2773 Ubi
528 2695 591 2769 erit
610 2713 676 2766 tam
702 2694 975 2792 craffum,quam
1000 2696 1150 2787 visc'um,
1173 2699 1273 2771 finito
1293 2701 1399 2799 frige·

436 2808 516 2881 scat.
540 2807 619 2877 Hoc
637 2802 743 2875 vitem
765 2801 893 2876 circum
912 2823 1031 2902 caput,
1047 2808 1084 2879 &
1105 2806 1165 2880 sub
1178 2809 1314 2882 brachia
1329 2837 1397 2885 un·
1421 2885 1423 2891 s

366 3009 370 3014 ι
432 2917 546 3017 guito,
564 2912 800 2987 convolvulus
819 2938 896 3015 *non
914 2911 1081 2989 nascetur.
1189 2963 1192 2968 -

483 3027 609 3099 XCVI.
633 3026 729 3096 Oves
744 3047 786 3094 ne
800 3023 922 3096 scabnae
933 3020 1034 3106 fiant,
1045 3049 1216 3101 amurcam
1227 3027 1394 3124 condito,

432 3129 552 3233 purani
567 3133 653 3204 bene
674 3129 796 3216 facito,
810 3154 950 3224 aquam,
964 3129 1024 3202 ubi
1040 3131 1175 3227 lupinus
1189 3134 1391 3229 deferverit,
1407 3213 1411 3221 ,

375 3252 376 3256 ’
432 3245 471 3316 &
493 3241 608 3313 faecem
623 3239 663 3310 de
679 3236 762 3308 vino
777 3235 873 3306 bono
890 3236 1026 3313 intense
1038 3241 1154 3312 omnia
1172 3245 1391 3322 commisceto

430 3354 566 3453 pariter.
586 3349 703 3424 Postea
716 3374 794 3422 cum
806 3347 1021 3440 detonderis,
1035 3338 1179 3450 unguito
1192 3374 1298 3443 totas,
1310 3357 1391 3430 fini·

428 3485 467 3539 to
488 3463 628 3534 biduum
650 3480 707 3532 aut
727 3460 874 3532 triduum
897 3458 1092 3536 consudent.
1119 3465 1256 3537 Deinde
1281 3468 1390 3540 lavito

427 3575 467 3648 in
492 3572 597 3645 mari:
618 3571 643 3641 fi
663 3594 785 3666 aquam
813 3569 974 3643 marinam
1001 3596 1074 3645 non
1100 3573 1258 3666 habebis,
1279 3570 1388 3650 facito

419 3674 549 3780 ¹¹aquam
572 3677 707 3763 salsam,
722 3702 760 3749 ea
777 3677 897 3751 invito.
916 3680 950 3749 Si
965 3680 1041 3756 haee
1058 3681 1103 3754 fic
1118 3683 1255 3766 feceris,
1276 3709 1388 3779 neque

427 3790 551 3864 scabrae
572 3783 672 3872 fient,
688 3788 725 3856 &
739 3785 824 3856 l‘anae
841 3785 935 3880 plus,
948 3790 986 3861 δι
1008 3790 1181 3863 meliorem
1198 3789 1386 3886 habebunt,

427 3905 466 3976 δι
487 3899 584 3975 ricini
599 3922 669 3970 non
685 3914 783 3967 erunt
804 3897 946 3969 molesti.
967 3902 1095 3977 Eodem
1109 3901 1145 3977 in
1162 3926 1280 3977 omnes
1299 3930 1383 4004 qua.

426 4009 590 4109 dtnpedes
611 4007 721 4104 utito',
738 4006 763 4079 sl
778 4006 900 4081 scabrae
913 4027 1020 4086 erunt.
