3509 5084
497 589 1122 670 nnnunusrrcarum.
1226 619 1294 694 107
1358 696 1363 702 ³

332 749 456 832 horum
484 750 611 846 inopiae
640 749 785 823 subsidio
817 733 905 824 mifit
932 752 1181 827 arundinetum.
1216 753 1295 830 inde

332 861 423 932 enim
444 860 574 955 aliquot
592 859 766 956 colligatas
793 860 887 933 libris
904 860 1080 935 dimittunt
1097 863 1137 962 in
1157 862 1296 937 tubulos

332 969 468 1059 fiuiles,
486 994 563 1042 cum
587 967 697 1040 sundo
721 968 879 1067 pertuso,
895 990 983 1066 quos
1003 970 1153 1067 cuspides
1177 973 1297 1081 appel-

332 1080 421 1170 lant,
439 1104 504 1176 qua
523 1078 647 1166 humor
660 1079 874 1152 adventicius
893 1080 1029 1152 transire
1049 1081 1161 1176 pollit.
1192 1106 1298 1179 quar·
1368 1169 1371 1173 ¹

332 1207 405 1260 tum
425 1187 472 1260 est
491 1189 728 1283 pedamentum
746 1187 904 1261 nativum
920 1185 993 1284 ejus
1012 1189 1162 1286 generis,
1176 1189 1236 1261 ubi
1254 1214 1299 1264 ex
1311 1181 1322 1216 '⁸

245 1346 247 1352 ,
334 1294 514 1367 arboribus
538 1296 573 1366 in
600 1296 739 1369 arbores
768 1297 927 1371 traduuis
955 1297 1083 1373 vitibus
1107 1300 1209 1373 vinea
1236 1296 1298 1374 fit:

313 1465 317 1474 .
334 1428 422 1501 quos
444 1402 620 1490 traduceS,
635 1403 773 1500 quidam
796 1429 956 1501 rumpos,
975 1405 1156 1502 appellant.
1178 1406 1301 1479 Vineae

335 1514 519 1589 altitudinis
533 1513 673 1600 modus,
683 1513 864 1613 longitudo
879 1514 1038 1588 hominis.
1051 1515 1232 1607 intervalla
1243 1540 1303 1612 pe·

335 1627 597 1710 damentorum‚
620 1646 688 1718 qua
711 1622 819 1695 boves
844 1621 950 1716 junsli
974 1612 1068 1695 ar‘are
1093 1624 1230 1721 poffinti
1252 1627 1301 1698 Ea

334 1735 446 1807 minus
461 1729 628 1803 sumtuosa
643 1730 846 1828 uinea,qua·
859 1731 926 1805 srne
936 1730 1018 1830 jugo
1030 1732 1195 1808 ministrat
1208 1760 1301 1808 acra·

247 1868 252 1877 ¹
335 1841 489 1937 tophoro
511 1838 641 1912 vinum.
661 1837 773 1933 Hujus
796 1864 920 1937 genera
933 1843 1011 1914 duo.
1034 1869 1158 1934 unum,
1173 1845 1208 1917 in
1226 1868 1299 1940 quo

336 1969 425 2024 terra
446 1946 569 2020 cubilia
585 1946 713 2042 praebet
735 1945 830 2035 uvis,
843 1947 937 2021 utin
958 1949 1035 2023 Afia
1058 1950 1170 2023 multis
1191 1950 1302 2040 locis,
1361 2027 1365 2036 ,

335 2084 412 2156 qua
427 2056 512 2152 saepe
525 2055 686 2150 vulpibus
698 2055 737 2128 δι
749 2053 949 2128 hominibus
961 2056 999 2128 fit
1014 2056 1216 2131 communis.
1233 2080 1303 2138 ¹nec
1373 2082 1376 2088 ·

337 2194 409 2241 non
424 2167 448 2238 fi
464 2165 550 2262 parit
568 2165 689 2238 humus
706 2168 836 2255 mures‚'
849 2166 964 2240 minor
976 2167 1016 2242 fit
1030 2168 1202 2242 vindemia
1215 2197 1224 2244 t
1238 2168 1302 2242 nisi

336 2298 426 2352 totas
455 2279 573 2351 vineas
598 2276 748 2373 oppletis
776 2277 992 2375 muscipulis,
1014 2280 1108 2376 quod
1135 2279 1302 2354 ininsula

337 2387 533 2463 Pandataria
549 2386 693 2470 saciunt.
717 2386 872 2461 Alterum
896 2412 1002 2484 genus
1025 2387 1154 2477 vineti,
1178 2388 1237 2461 ubi
1261 2413 1301 2461 ea
1343 2430 1346 2435 ·

337 2501 446 2574 modo
467 2516 699 2571 removetura
718 2515 805 2572 terra
825 2497 1014 2596 vitis‚quae
1033 2497 1180 2572 ostendit
1196 2498 1228 2570 se
1248 2495 1303 2586 as·

254 2650 257 2652 ·
339 2609 427 2682 serre
441 2632 555 2680 uvam.
579 2606 647 2679 Sub
670 2630 760 2697 eam,
777 2606 835 2679 ubi
850 2606 997 2681 nascitur
1010 2631 1101 2698 uva,
1115 2605 1304 2713 subjiciun-

249 2709 255 2719 ’
339 2744 395 2794 tur
411 2709 545 2794 circiter
566 2718 736 2815 bipedales
752 2718 926 2794 esurculis
943 2717 1106 2809 furcillae,
1119 2742 1163 2792 ne
1176 2710 1306 2794 vinde-¹

339 2828 408 2902 ruia
428 2847 560 2924 pereat,
580 2826 808 2901 &vindemia
830 2821 915 2899 salla
936 2827 1080 2923 denique
1098 2826 1199 2899 discat
1217 2849 1304 2922 pen·

341 2942 419 3014 dere
437 2940 473 3010 in
488 2937 634 3033 palmam
648 2954 705 3008 aut
719 2935 895 3023 funicu10‚
906 2951 962 3005 aut
977 2934 1115 3023 vintru,
1134 2935 1230 3030 quod
1241 2959 1304 3006 an·

340 3049 429 3147 tiqui
447 3046 618 3118 vocabant
636 3043 770 3117 cellum.
795 3043 844 3114 lbi
865 3041 1025 3115 dominus
1044 3041 1140 3116 simul
1159 3067 1200 3116 ac
1214 3042 1304 3117 vidit

338 3158 539 3256 occipitium
552 3153 824 3244 vindemiatoris,
837 3152 986 3237 furcillas
999 3153 1129 3228 reducit
1141 3153 1304 3248 lu'berna-
1421 3226 1423 3235 ,

268 3323 274 3334 .
340 3290 413 3343 tum
425 3269 460 3340 in
475 3270 578 3357 teila,
591 3287 628 3341 ut
644 3267 713 3341 sme
726 3266 835 3346 sumtu
849 3288 961 3337 earum
974 3248 1081 3360 opera
1091 3262 1197 3337 altero
1210 3287 1305 3336 anno

341 3378 391 3462 uti
403 3378 513 3472 possit.
525 3381 596 3451 Hac
607 3376 849 3452 consuetudine
860 3374 895 3446 in
906 3370 997 3444 ltalia
1008 3389 1147 3445 utuntur
1157 3372 1307 3450 Reatini·
1351 3446 1375 3455 ,,

341 3493 426 3564 Haec
447 3488 526 3560 ideo
549 3489 695 3562 uarietas
712 3486 876 3566 maxime,
895 3483 990 3579 quod
1009 3500 1098 3556 terra
1114 3484 1317 3580 cujusmodi·
1409 3516 1412 3521 ·

342 3584 404 3687 sis,
419 3584 532 3671 refert.
557 3596 614 3669 ubi
630 3599 722 3670 enim
736 3613 856 3667 natura
873 3591 1031 3683 humida,
1044 3590 1093 3666 ibi
1110 3594 1208 3670 altius
1221 3593 1306 3669 vitis
1323 3626 1328 3635 ·

342 3708 512 3795 tollenda,
531 3707 624 3803 quod
644 3705 681 3778 in
701 3727 797 3801 partu
813 3699 1028 3777 &alimonio
1042 3700 1160 3776 vinum
1182 3728 1252 3776 non
1265 3720 1305 3777 ut

344 3819 380 3892 in
395 3819 498 3892 calice
516 3815 637 3914 quaerit
650 3840 792 3915 aquam,
805 3811 860 3884 sed
880 3808 994 3883 solem.
1021 3809 1135 3909 itaque
1151 3813 1250 3899 ideo,
1262 3830 1304 3889 ut·
1360 3868 1362 3873 -

346 3928 508 4015 arbitror,
520 3924 696 4024 primume
710 3924 809 3998 vinea
821 3920 856 3992 in
870 3918 1008 3992 arbores
1020 3916 1165 3992 ascendit
1177 3918 1270 3994 vitis.

394 4040 451 4111 ΙΧ.
476 4039 604 4130 Terra,
622 4042 771 4133 inquam,
785 4027 973 4131 cujusmodi
994 4026 1051 4119 sit,
1065 4027 1184 4117 refert,
1202 4032 1242 4108 δι
1261 4028 1306 4105 ad
1380 4109 1386 4118 ,
1463 4072 1466 4079 =
