<?xml version="1.0" encoding="UTF-8"?>
<!DOCTYPE html PUBLIC "-//W3C//DTD XHTML 1.0 Transitional//EN"
    "http://www.w3.org/TR/xhtml1/DTD/xhtml1-transitional.dtd">
<html xmlns="http://www.w3.org/1999/xhtml" xml:lang="en" lang="en">
 <head>
  <title>
</title>
<meta http-equiv="Content-Type" content="text/html;charset=utf-8" />
  <meta name='ocr-system' content='tesseract 3.04.00' />
  <meta name='ocr-capabilities' content='ocr_page ocr_carea ocr_par ocr_line ocrx_word'/>
</head>
<body>
  <div class='ocr_page' id='page_1' title='image "./scriptoresreiru02gesngoog_0357.png"; bbox 0 0 3509 5084; ppageno 0'>
   <div class='ocr_carea' id='block_1_1' title="bbox 466 558 1375 697">
    <p class='ocr_par' dir='ltr' id='par_1_1' title="bbox 466 558 1375 697">
     <span class='ocr_line' id='line_1_1' title="bbox 466 558 1375 697; baseline 0.015 -28"><span class='ocrx_word' id='word_1_1' title='bbox 466 567 468 572; x_wconf 79' lang='grc'><strong>’</strong></span> <span class='ocrx_word' id='word_1_2' title='bbox 575 595 651 672; x_wconf 73' lang='lat' dir='ltr'><strong>nu</strong></span> <span class='ocrx_word' id='word_1_3' title='bbox 676 558 1024 672; x_wconf 68' lang='lat' dir='ltr'><strong>nn&#39;nusrrcn</strong></span> <span class='ocrx_word' id='word_1_4' title='bbox 1050 601 1148 674; x_wconf 79' lang='lat' dir='ltr'><strong>rm.</strong></span> <span class='ocrx_word' id='word_1_5' title='bbox 1174 604 1214 676; x_wconf 88' lang='lat' dir='ltr'><strong>rr.</strong></span> <span class='ocrx_word' id='word_1_6' title='bbox 1305 626 1375 697; x_wconf 72' lang='lat'><strong>107</strong></span> 
     </span>
    </p>
   </div>
   <div class='ocr_carea' id='block_1_2' title="bbox 361 758 1459 2846">
    <p class='ocr_par' dir='ltr' id='par_1_2' title="bbox 361 758 1459 2846">
     <span class='ocr_line' id='line_1_2' title="bbox 400 758 1374 856; baseline 0.004 -23"><span class='ocrx_word' id='word_1_7' title='bbox 400 758 654 856; x_wconf 77' lang='lat' dir='ltr'><strong>appofitiffimi,</strong></span> <span class='ocrx_word' id='word_1_8' title='bbox 677 759 891 833; x_wconf 73' lang='lat' dir='ltr'><strong>mairimeud</strong></span> <span class='ocrx_word' id='word_1_9' title='bbox 913 759 1072 853; x_wconf 79' lang='lat' dir='ltr'><strong>jumenta.</strong></span> <span class='ocrx_word' id='word_1_10' title='bbox 1102 765 1140 834; x_wconf 89' lang='lat' dir='ltr'><strong>In</strong></span> <span class='ocrx_word' id='word_1_11' title='bbox 1164 761 1374 837; x_wconf 80' lang='lat' dir='ltr'>emtionibus</span> 
     </span>
     <span class='ocr_line' id='line_1_3' title="bbox 398 858 1374 966; baseline 0.005 -25"><span class='ocrx_word' id='word_1_12' title='bbox 398 858 576 942; x_wconf 88' lang='lat' dir='ltr'><strong>dominum</strong></span> <span class='ocrx_word' id='word_1_13' title='bbox 592 870 777 966; x_wconf 81' lang='lat' dir='ltr'><strong>legitimum</strong></span> <span class='ocrx_word' id='word_1_14' title='bbox 792 870 848 942; x_wconf 86' lang='lat' dir='ltr'><strong>sex</strong></span> <span class='ocrx_word' id='word_1_15' title='bbox 862 869 935 943; x_wconf 91' lang='lat' dir='ltr'><strong>fere</strong></span> <span class='ocrx_word' id='word_1_16' title='bbox 949 895 1001 942; x_wconf 92' lang='lat' dir='ltr'><strong>res</strong></span> <span class='ocrx_word' id='word_1_17' title='bbox 1014 870 1195 966; x_wconf 86' lang='lat' dir='ltr'><strong>perficiunt</strong></span> <span class='ocrx_word' id='word_1_18' title='bbox 1211 875 1256 944; x_wconf 85' lang='lat' dir='ltr'><strong>:sr</strong></span> <span class='ocrx_word' id='word_1_19' title='bbox 1272 873 1374 946; x_wconf 90' lang='lat' dir='ltr'><strong>here·</strong></span> 
     </span>
     <span class='ocr_line' id='line_1_4' title="bbox 399 980 1371 1079; baseline 0.007 -28"><span class='ocrx_word' id='word_1_20' title='bbox 399 980 536 1052; x_wconf 85' lang='lat' dir='ltr'><strong>ditarem</strong></span> <span class='ocrx_word' id='word_1_21' title='bbox 560 980 679 1074; x_wconf 82' lang='lat' dir='ltr'><strong>justam</strong></span> <span class='ocrx_word' id='word_1_22' title='bbox 700 980 805 1053; x_wconf 87' lang='lat' dir='ltr'><strong>adiit:</strong></span> <span class='ocrx_word' id='word_1_23' title='bbox 822 980 870 1070; x_wconf 78' lang='lat' dir='ltr'><strong>st,</strong></span> <span class='ocrx_word' id='word_1_24' title='bbox 886 981 1055 1076; x_wconf 18' lang='lat' dir='ltr'><strong>utsdebuit</strong></span> <span class='ocrx_word' id='word_1_25' title='bbox 1066 1035 1076 1071; x_wconf 95' lang='lat'><strong>,</strong></span> <span class='ocrx_word' id='word_1_26' title='bbox 1087 982 1257 1079; x_wconf 86' lang='lat' dir='ltr'><strong>mancipio</strong></span> <span class='ocrx_word' id='word_1_27' title='bbox 1272 985 1313 1055; x_wconf 83' lang='lat' dir='ltr'><strong>ab</strong></span> <span class='ocrx_word' id='word_1_28' title='bbox 1326 1009 1371 1058; x_wconf 93' lang='lat' dir='ltr'><strong>eo</strong></span> 
     </span>
     <span class='ocr_line' id='line_1_5' title="bbox 399 1087 1371 1187; baseline 0.006 -27"><span class='ocrx_word' id='word_1_29' title='bbox 399 1090 546 1186; x_wconf 90' lang='lat' dir='ltr'><strong>accepit,</strong></span> <span class='ocrx_word' id='word_1_30' title='bbox 559 1115 578 1161; x_wconf 87' lang='lat' dir='ltr'>a</span> <span class='ocrx_word' id='word_1_31' title='bbox 593 1114 662 1187; x_wconf 86' lang='lat' dir='ltr'><strong>quo</strong></span> <span class='ocrx_word' id='word_1_32' title='bbox 677 1087 749 1182; x_wconf 86' lang='lat' dir='ltr'><strong>jure</strong></span> <span class='ocrx_word' id='word_1_33' title='bbox 763 1090 860 1164; x_wconf 87' lang='lat' dir='ltr'><strong>civili</strong></span> <span class='ocrx_word' id='word_1_34' title='bbox 876 1090 989 1185; x_wconf 90' lang='lat' dir='ltr'><strong>potuit</strong></span> <span class='ocrx_word' id='word_1_35' title='bbox 1003 1114 1012 1161; x_wconf 74' lang='grc' dir='ltr'><em>τ</em></span> <span class='ocrx_word' id='word_1_36' title='bbox 1027 1108 1085 1164; x_wconf 85' lang='lat' dir='ltr'><strong>aut</strong></span> <span class='ocrx_word' id='word_1_37' title='bbox 1104 1091 1128 1164; x_wconf 88' lang='lat' dir='ltr'><strong>sr</strong></span> <span class='ocrx_word' id='word_1_38' title='bbox 1150 1091 1185 1163; x_wconf 91' lang='lat' dir='ltr'><strong>in</strong></span> <span class='ocrx_word' id='word_1_39' title='bbox 1203 1091 1278 1185; x_wconf 84' lang='lat' dir='ltr'><strong>jure</strong></span> <span class='ocrx_word' id='word_1_40' title='bbox 1300 1093 1371 1166; x_wconf 84' lang='lat' dir='ltr'><strong>ces·</strong></span> 
     </span>
     <span class='ocr_line' id='line_1_6' title="bbox 366 1199 1371 1297; baseline 0.004 -25"><span class='ocrx_word' id='word_1_41' title='bbox 366 1220 369 1226; x_wconf 86' lang='lat'>·</span> <span class='ocrx_word' id='word_1_42' title='bbox 398 1199 459 1290; x_wconf 80' lang='lat' dir='ltr'><strong>fit,</strong></span> <span class='ocrx_word' id='word_1_43' title='bbox 473 1200 527 1273; x_wconf 92' lang='lat' dir='ltr'><strong>cui</strong></span> <span class='ocrx_word' id='word_1_44' title='bbox 543 1200 657 1296; x_wconf 87' lang='lat' dir='ltr'><strong>potuit</strong></span> <span class='ocrx_word' id='word_1_45' title='bbox 671 1202 810 1293; x_wconf 90' lang='lat' dir='ltr'><strong>cedere,</strong></span> <span class='ocrx_word' id='word_1_46' title='bbox 825 1202 863 1276; x_wconf 77' lang='grc' dir='ltr'><strong>δι</strong></span> <span class='ocrx_word' id='word_1_47' title='bbox 877 1201 913 1274; x_wconf 91' lang='lat' dir='ltr'><strong>id</strong></span> <span class='ocrx_word' id='word_1_48' title='bbox 927 1201 987 1274; x_wconf 89' lang='lat' dir='ltr'><strong>ubi</strong></span> <span class='ocrx_word' id='word_1_49' title='bbox 1002 1202 1180 1297; x_wconf 88' lang='lat' dir='ltr'><strong>oportuit:</strong></span> <span class='ocrx_word' id='word_1_50' title='bbox 1196 1221 1253 1276; x_wconf 85' lang='lat' dir='ltr'><strong>aut</strong></span> <span class='ocrx_word' id='word_1_51' title='bbox 1266 1201 1289 1274; x_wconf 82' lang='lat' dir='ltr'>fi</span> <span class='ocrx_word' id='word_1_52' title='bbox 1308 1202 1371 1276; x_wconf 89' lang='lat' dir='ltr'><strong>usu</strong></span> 
     </span>
     <span class='ocr_line' id='line_1_7' title="bbox 398 1308 1411 1406; baseline 0.004 -24"><span class='ocrx_word' id='word_1_53' title='bbox 398 1308 511 1404; x_wconf 83' lang='lat' dir='ltr'><strong>cepit:</strong></span> <span class='ocrx_word' id='word_1_54' title='bbox 529 1327 588 1381; x_wconf 82' lang='lat' dir='ltr'><strong>aut</strong></span> <span class='ocrx_word' id='word_1_55' title='bbox 602 1309 667 1392; x_wconf 83' lang='lat' dir='ltr'><strong>sre</strong></span> <span class='ocrx_word' id='word_1_56' title='bbox 686 1311 799 1406; x_wconf 87' lang='lat' dir='ltr'><strong>praeda</strong></span> <span class='ocrx_word' id='word_1_57' title='bbox 814 1311 874 1383; x_wconf 91' lang='lat' dir='ltr'><strong>sub</strong></span> <span class='ocrx_word' id='word_1_58' title='bbox 889 1334 1021 1384; x_wconf 88' lang='lat' dir='ltr'><strong>corona</strong></span> <span class='ocrx_word' id='word_1_59' title='bbox 1036 1310 1119 1383; x_wconf 92' lang='lat' dir='ltr'><strong>emit</strong></span> <span class='ocrx_word' id='word_1_60' title='bbox 1134 1339 1143 1384; x_wconf 90' lang='lat'>:</span> <span class='ocrx_word' id='word_1_61' title='bbox 1157 1337 1275 1384; x_wconf 84' lang='lat' dir='ltr'><strong>rumve</strong></span> <span class='ocrx_word' id='word_1_62' title='bbox 1291 1337 1370 1386; x_wconf 89' lang='lat' dir='ltr'><strong>cum</strong></span> <span class='ocrx_word' id='word_1_63' title='bbox 1409 1355 1411 1361; x_wconf 94' lang='lat'>·</span> 
     </span>
     <span class='ocr_line' id='line_1_8' title="bbox 396 1417 1369 1516; baseline 0.004 -26"><span class='ocrx_word' id='word_1_64' title='bbox 396 1417 433 1490; x_wconf 91' lang='lat' dir='ltr'><strong>in</strong></span> <span class='ocrx_word' id='word_1_65' title='bbox 456 1417 558 1490; x_wconf 88' lang='lat' dir='ltr'><strong>bonis</strong></span> <span class='ocrx_word' id='word_1_66' title='bbox 578 1417 774 1492; x_wconf 69' lang='lat' dir='ltr'><strong>sedioneve</strong></span> <span class='ocrx_word' id='word_1_67' title='bbox 790 1419 885 1515; x_wconf 87' lang='lat' dir='ltr'><strong>cujus</strong></span> <span class='ocrx_word' id='word_1_68' title='bbox 897 1419 1044 1516; x_wconf 82' lang='lat' dir='ltr'><strong>publice</strong></span> <span class='ocrx_word' id='word_1_69' title='bbox 1057 1419 1164 1494; x_wconf 89' lang='lat' dir='ltr'><strong>venit.</strong></span> <span class='ocrx_word' id='word_1_70' title='bbox 1184 1422 1221 1492; x_wconf 82' lang='lat' dir='ltr'><strong>in</strong></span> <span class='ocrx_word' id='word_1_71' title='bbox 1243 1421 1369 1507; x_wconf 76' lang='lat' dir='ltr'><strong>horum</strong></span> 
     </span>
     <span class='ocr_line' id='line_1_9' title="bbox 397 1515 1459 1630; baseline 0.008 -30"><span class='ocrx_word' id='word_1_72' title='bbox 397 1529 549 1600; x_wconf 81' lang='lat' dir='ltr'><strong>emtione</strong></span> <span class='ocrx_word' id='word_1_73' title='bbox 572 1528 658 1604; x_wconf 83' lang='lat' dir='ltr'><strong>solet</strong></span> <span class='ocrx_word' id='word_1_74' title='bbox 681 1515 1175 1630; x_wconf 58' lang='lat' dir='ltr'><strong>secedere&#39;peculipm3auts1</strong></span> <span class='ocrx_word' id='word_1_75' title='bbox 1199 1531 1369 1628; x_wconf 76' lang='lat' dir='ltr'><strong>excipiet,</strong></span> <span class='ocrx_word' id='word_1_76' title='bbox 1456 1602 1459 1609; x_wconf 92' lang='lat'><em>.</em></span> 
     </span>
     <span class='ocr_line' id='line_1_10' title="bbox 396 1638 1370 1737; baseline 0.003 -25"><span class='ocrx_word' id='word_1_77' title='bbox 396 1640 568 1737; x_wconf 77' lang='lat' dir='ltr'><strong>stipulatio</strong></span> <span class='ocrx_word' id='word_1_78' title='bbox 581 1641 807 1737; x_wconf 89' lang='lat' dir='ltr'><strong>intercedere,</strong></span> <span class='ocrx_word' id='word_1_79' title='bbox 821 1638 940 1719; x_wconf 77' lang='lat' dir='ltr'><strong>sandm</strong></span> <span class='ocrx_word' id='word_1_80' title='bbox 953 1668 1031 1719; x_wconf 90' lang='lat' dir='ltr'><strong>eum</strong></span> <span class='ocrx_word' id='word_1_81' title='bbox 1045 1643 1128 1735; x_wconf 83' lang='lat' dir='ltr'><strong>effe,</strong></span> <span class='ocrx_word' id='word_1_82' title='bbox 1141 1642 1239 1717; x_wconf 87' lang='lat' dir='ltr'><strong>furris</strong></span> <span class='ocrx_word' id='word_1_83' title='bbox 1252 1642 1370 1715; x_wconf 87' lang='lat' dir='ltr'><strong>noxis·</strong></span> 
     </span>
     <span class='ocr_line' id='line_1_11' title="bbox 394 1751 1369 1853; baseline 0.003 -29"><span class='ocrx_word' id='word_1_84' title='bbox 394 1776 463 1849; x_wconf 91' lang='lat' dir='ltr'><strong>que</strong></span> <span class='ocrx_word' id='word_1_85' title='bbox 477 1751 643 1828; x_wconf 81' lang='lat' dir='ltr'><strong>solutum:</strong></span> <span class='ocrx_word' id='word_1_86' title='bbox 654 1778 711 1828; x_wconf 85' lang='lat' dir='ltr'><strong>aut</strong></span> <span class='ocrx_word' id='word_1_87' title='bbox 723 1755 747 1826; x_wconf 85' lang='lat' dir='ltr'><strong>sr</strong></span> <span class='ocrx_word' id='word_1_88' title='bbox 761 1754 937 1853; x_wconf 85' lang='lat' dir='ltr'><strong>mancipio</strong></span> <span class='ocrx_word' id='word_1_89' title='bbox 949 1780 1022 1828; x_wconf 93' lang='lat' dir='ltr'><strong>non</strong></span> <span class='ocrx_word' id='word_1_90' title='bbox 1036 1753 1157 1845; x_wconf 88' lang='lat' dir='ltr'><strong>datur,</strong></span> <span class='ocrx_word' id='word_1_91' title='bbox 1172 1752 1273 1851; x_wconf 88' lang='lat' dir='ltr'><strong>dupla</strong></span> <span class='ocrx_word' id='word_1_92' title='bbox 1287 1778 1369 1850; x_wconf 91' lang='lat' dir='ltr'><strong>pro·</strong></span> 
     </span>
     <span class='ocr_line' id='line_1_12' title="bbox 393 1865 1369 1963; baseline 0.004 -27"><span class='ocrx_word' id='word_1_93' title='bbox 393 1865 507 1938; x_wconf 88' lang='lat' dir='ltr'><strong>mitti:</strong></span> <span class='ocrx_word' id='word_1_94' title='bbox 522 1882 579 1938; x_wconf 90' lang='lat' dir='ltr'><strong>aut</strong></span> <span class='ocrx_word' id='word_1_95' title='bbox 601 1866 626 1937; x_wconf 85' lang='lat' dir='ltr'><strong>fi</strong></span> <span class='ocrx_word' id='word_1_96' title='bbox 652 1866 698 1938; x_wconf 88' lang='lat' dir='ltr'><strong>ita</strong></span> <span class='ocrx_word' id='word_1_97' title='bbox 720 1868 828 1962; x_wconf 71' lang='lat' dir='ltr'><strong>padi,</strong></span> <span class='ocrx_word' id='word_1_98' title='bbox 846 1867 975 1963; x_wconf 86' lang='lat' dir='ltr'><strong>fimpla.</strong></span> <span class='ocrx_word' id='word_1_99' title='bbox 993 1869 1104 1940; x_wconf 80' lang='lat' dir='ltr'><strong>Cibus</strong></span> <span class='ocrx_word' id='word_1_100' title='bbox 1123 1892 1244 1940; x_wconf 88' lang='lat' dir='ltr'><strong>eorum</strong></span> <span class='ocrx_word' id='word_1_101' title='bbox 1267 1868 1369 1940; x_wconf 89' lang='lat' dir='ltr'><strong>debet</strong></span> 
     </span>
     <span class='ocr_line' id='line_1_13' title="bbox 393 1971 1368 2075; baseline 0.007 -30"><span class='ocrx_word' id='word_1_102' title='bbox 393 1973 459 2045; x_wconf 80' lang='lat' dir='ltr'><strong>effe</strong></span> <span class='ocrx_word' id='word_1_103' title='bbox 469 1973 617 2044; x_wconf 85' lang='lat' dir='ltr'><strong>interdiu</strong></span> <span class='ocrx_word' id='word_1_104' title='bbox 631 1971 804 2069; x_wconf 86' lang='lat' dir='ltr'><strong>separatim</strong></span> <span class='ocrx_word' id='word_1_105' title='bbox 819 1972 1085 2075; x_wconf 86' lang='lat' dir='ltr'><strong>uniuscujusque</strong></span> <span class='ocrx_word' id='word_1_106' title='bbox 1096 1976 1216 2075; x_wconf 84' lang='lat' dir='ltr'><strong>gregis.</strong></span> <span class='ocrx_word' id='word_1_107' title='bbox 1230 1978 1368 2074; x_wconf 84' lang='lat' dir='ltr'><strong>vesper·</strong></span> 
     </span>
     <span class='ocr_line' id='line_1_14' title="bbox 394 2081 1381 2184; baseline 0.006 -30"><span class='ocrx_word' id='word_1_108' title='bbox 394 2081 488 2154; x_wconf 87' lang='lat' dir='ltr'><strong>tinus</strong></span> <span class='ocrx_word' id='word_1_109' title='bbox 503 2081 540 2152; x_wconf 95' lang='lat' dir='ltr'><strong>in</strong></span> <span class='ocrx_word' id='word_1_110' title='bbox 555 2106 675 2172; x_wconf 86' lang='lat' dir='ltr'><strong>coena,</strong></span> <span class='ocrx_word' id='word_1_111' title='bbox 686 2083 747 2180; x_wconf 92' lang='lat' dir='ltr'><strong>qui</strong></span> <span class='ocrx_word' id='word_1_112' title='bbox 762 2083 837 2156; x_wconf 85' lang='lat' dir='ltr'><strong>sunt</strong></span> <span class='ocrx_word' id='word_1_113' title='bbox 853 2084 912 2157; x_wconf 88' lang='lat' dir='ltr'><strong>sub</strong></span> <span class='ocrx_word' id='word_1_114' title='bbox 928 2109 1001 2157; x_wconf 93' lang='lat' dir='ltr'><strong>uno</strong></span> <span class='ocrx_word' id='word_1_115' title='bbox 1017 2084 1195 2184; x_wconf 77' lang='lat' dir='ltr'><strong>magistro,</strong></span> <span class='ocrx_word' id='word_1_116' title='bbox 1207 2081 1381 2160; x_wconf 64' lang='lat' dir='ltr'><strong>commu-&#39;r</strong></span> 
     </span>
     <span class='ocr_line' id='line_1_15' title="bbox 395 2180 1370 2292; baseline 0.006 -32"><span class='ocrx_word' id='word_1_117' title='bbox 395 2192 458 2261; x_wconf 88' lang='lat' dir='ltr'><strong>nis.</strong></span> <span class='ocrx_word' id='word_1_118' title='bbox 471 2189 668 2292; x_wconf 85' lang='lat' dir='ltr'><strong>Magistrum</strong></span> <span class='ocrx_word' id='word_1_119' title='bbox 683 2190 869 2288; x_wconf 88' lang='lat' dir='ltr'><strong>providere</strong></span> <span class='ocrx_word' id='word_1_120' title='bbox 884 2180 1041 2288; x_wconf 76' lang='lat' dir='ltr'><strong>oportet,</strong></span> <span class='ocrx_word' id='word_1_121' title='bbox 1050 2212 1088 2266; x_wconf 93' lang='lat' dir='ltr'><strong>ut</strong></span> <span class='ocrx_word' id='word_1_122' title='bbox 1101 2192 1217 2265; x_wconf 86' lang='lat' dir='ltr'><strong>omnia</strong></span> <span class='ocrx_word' id='word_1_123' title='bbox 1228 2192 1370 2290; x_wconf 83' lang='lat' dir='ltr'><strong>sequan-</strong></span> 
     </span>
     <span class='ocr_line' id='line_1_16' title="bbox 394 2298 1369 2401; baseline 0.002 -29"><span class='ocrx_word' id='word_1_124' title='bbox 394 2320 452 2372; x_wconf 91' lang='lat' dir='ltr'><strong>tur</strong></span> <span class='ocrx_word' id='word_1_125' title='bbox 463 2298 696 2390; x_wconf 82' lang='lat' dir='ltr'><strong>inssrumenta,</strong></span> <span class='ocrx_word' id='word_1_126' title='bbox 707 2327 786 2398; x_wconf 87' lang='lat' dir='ltr'><strong>quae</strong></span> <span class='ocrx_word' id='word_1_127' title='bbox 799 2304 917 2398; x_wconf 89' lang='lat' dir='ltr'><strong>pecori</strong></span> <span class='ocrx_word' id='word_1_128' title='bbox 930 2304 968 2377; x_wconf 80' lang='grc' dir='ltr'><strong>δι</strong></span> <span class='ocrx_word' id='word_1_129' title='bbox 982 2301 1171 2401; x_wconf 76' lang='lat' dir='ltr'><strong>pastoribus</strong></span> <span class='ocrx_word' id='word_1_130' title='bbox 1182 2328 1270 2398; x_wconf 90' lang='lat' dir='ltr'><strong>opus</strong></span> <span class='ocrx_word' id='word_1_131' title='bbox 1280 2302 1369 2390; x_wconf 85' lang='lat' dir='ltr'><strong>sunt,</strong></span> 
     </span>
     <span class='ocr_line' id='line_1_17' title="bbox 395 2405 1367 2504; baseline 0.004 -21"><span class='ocrx_word' id='word_1_132' title='bbox 395 2410 546 2483; x_wconf 76' lang='lat' dir='ltr'><strong>mdxime</strong></span> <span class='ocrx_word' id='word_1_133' title='bbox 576 2412 626 2496; x_wconf 51' lang='lat' dir='ltr'><strong>ad,</strong></span> <span class='ocrx_word' id='word_1_134' title='bbox 648 2407 777 2485; x_wconf 74' lang='lat' dir='ltr'><strong>viuum</strong></span> <span class='ocrx_word' id='word_1_135' title='bbox 804 2405 1007 2504; x_wconf 91' lang='lat' dir='ltr'><strong>hominum,</strong></span> <span class='ocrx_word' id='word_1_136' title='bbox 1032 2417 1071 2491; x_wconf 75' lang='grc' dir='ltr'><strong>δι</strong></span> <span class='ocrx_word' id='word_1_137' title='bbox 1094 2414 1135 2486; x_wconf 82' lang='lat' dir='ltr'><strong>ad</strong></span> <span class='ocrx_word' id='word_1_138' title='bbox 1161 2414 1367 2503; x_wconf 84' lang='lat' dir='ltr'><strong>medicinam</strong></span> 
     </span>
     <span class='ocr_line' id='line_1_18' title="bbox 393 2522 1367 2621; baseline 0.005 -26"><span class='ocrx_word' id='word_1_139' title='bbox 393 2522 641 2621; x_wconf 75' lang='lat' dir='ltr'><strong>pecudum&#39;2ad</strong></span> <span class='ocrx_word' id='word_1_140' title='bbox 661 2547 764 2621; x_wconf 88' lang='lat' dir='ltr'><strong>quam</strong></span> <span class='ocrx_word' id='word_1_141' title='bbox 786 2548 858 2596; x_wconf 88' lang='lat' dir='ltr'><strong>rem</strong></span> <span class='ocrx_word' id='word_1_142' title='bbox 883 2524 1009 2596; x_wconf 89' lang='lat' dir='ltr'><strong>habent</strong></span> <span class='ocrx_word' id='word_1_143' title='bbox 1028 2522 1179 2619; x_wconf 83' lang='lat' dir='ltr'><strong>jumenta</strong></span> <span class='ocrx_word' id='word_1_144' title='bbox 1199 2525 1367 2600; x_wconf 83' lang='lat' dir='ltr'><strong>doffuaria</strong></span> 
     </span>
     <span class='ocr_line' id='line_1_19' title="bbox 393 2618 1368 2730; baseline 0.005 -27"><span class='ocrx_word' id='word_1_145' title='bbox 393 2618 623 2722; x_wconf 45' lang='lat' dir='ltr'><strong>domnitam</strong></span> <span class='ocrx_word' id='word_1_146' title='bbox 641 2656 764 2730; x_wconf 84' lang='lat' dir='ltr'><strong>equas,</strong></span> <span class='ocrx_word' id='word_1_147' title='bbox 778 2631 846 2704; x_wconf 74' lang='lat' dir='ltr'><strong>alii</strong></span> <span class='ocrx_word' id='word_1_148' title='bbox 867 2656 931 2727; x_wconf 91' lang='lat' dir='ltr'><strong>pro</strong></span> <span class='ocrx_word' id='word_1_149' title='bbox 956 2631 1008 2704; x_wconf 91' lang='lat' dir='ltr'><strong>his</strong></span> <span class='ocrx_word' id='word_1_150' title='bbox 1028 2630 1110 2729; x_wconf 91' lang='lat' dir='ltr'><strong>quid</strong></span> <span class='ocrx_word' id='word_1_151' title='bbox 1131 2632 1246 2721; x_wconf 84' lang='lat' dir='ltr'><strong>aliud,</strong></span> <span class='ocrx_word' id='word_1_152' title='bbox 1270 2634 1368 2729; x_wconf 90' lang='lat' dir='ltr'><strong>quod</strong></span> 
     </span>
     <span class='ocr_line' id='line_1_20' title="bbox 361 2744 1366 2846; baseline 0.001 -28"><span class='ocrx_word' id='word_1_153' title='bbox 361 2761 363 2765; x_wconf 82' lang='grc'>’</span> <span class='ocrx_word' id='word_1_154' title='bbox 393 2769 484 2818; x_wconf 91' lang='lat' dir='ltr'><strong>onus</strong></span> <span class='ocrx_word' id='word_1_155' title='bbox 508 2746 609 2820; x_wconf 89' lang='lat' dir='ltr'><strong>dorso</strong></span> <span class='ocrx_word' id='word_1_156' title='bbox 629 2747 718 2822; x_wconf 87' lang='lat' dir='ltr'><strong>serre</strong></span> <span class='ocrx_word' id='word_1_157' title='bbox 739 2749 850 2846; x_wconf 83' lang='lat' dir='ltr'><strong>poffit.</strong></span> <span class='ocrx_word' id='word_1_158' title='bbox 871 2748 980 2841; x_wconf 81' lang='lat' dir='ltr'><strong>Quod</strong></span> <span class='ocrx_word' id='word_1_159' title='bbox 999 2747 1041 2819; x_wconf 85' lang='lat' dir='ltr'><strong>ad</strong></span> <span class='ocrx_word' id='word_1_160' title='bbox 1058 2744 1220 2818; x_wconf 85' lang='lat' dir='ltr'><strong>soeturam</strong></span> <span class='ocrx_word' id='word_1_161' title='bbox 1242 2746 1366 2820; x_wconf 83' lang='lat' dir='ltr'><strong>huma·</strong></span> 
     </span>
    </p>
   </div>
   <div class='ocr_carea' id='block_1_3' title="bbox 352 2844 1505 2953">
    <p class='ocr_par' dir='ltr' id='par_1_3' title="bbox 352 2844 1505 2953">
     <span class='ocr_line' id='line_1_21' title="bbox 352 2844 1505 2953; baseline -0.001 -28"><span class='ocrx_word' id='word_1_162' title='bbox 352 2948 355 2953; x_wconf 27' lang='grc' dir='ltr'>Ι</span> <span class='ocrx_word' id='word_1_163' title='bbox 392 2854 633 2953; x_wconf 84' lang='lat' dir='ltr'><strong>nampertinet</strong></span> <span class='ocrx_word' id='word_1_164' title='bbox 647 2855 916 2949; x_wconf 76' lang='lat' dir='ltr'><strong>pastorum‚qui</strong></span> <span class='ocrx_word' id='word_1_165' title='bbox 932 2854 968 2924; x_wconf 93' lang='lat' dir='ltr'><strong>in</strong></span> <span class='ocrx_word' id='word_1_166' title='bbox 982 2851 1090 2937; x_wconf 85' lang='lat' dir='ltr'><strong>fundo</strong></span> <span class='ocrx_word' id='word_1_167' title='bbox 1105 2872 1275 2946; x_wconf 87' lang='lat' dir='ltr'><strong>perpetuo</strong></span> <span class='ocrx_word' id='word_1_168' title='bbox 1293 2879 1439 2927; x_wconf 39' lang='lat' dir='ltr'><strong>mamm</strong></span> <span class='ocrx_word' id='word_1_169' title='bbox 1502 2844 1505 2851; x_wconf 44' lang='lat'><strong>¹</strong></span> 
     </span>
    </p>
   </div>
   <div class='ocr_carea' id='block_1_4' title="bbox 392 2951 1400 3058">
    <p class='ocr_par' dir='ltr' id='par_1_4' title="bbox 392 2951 1400 3058">
     <span class='ocr_line' id='line_1_22' title="bbox 392 2951 1400 3058; baseline 0 -22"><span class='ocrx_word' id='word_1_170' title='bbox 392 2982 499 3052; x_wconf 91' lang='lat' dir='ltr'><strong>nent,</strong></span> <span class='ocrx_word' id='word_1_171' title='bbox 514 2963 612 3038; x_wconf 88' lang='lat' dir='ltr'><strong>facile</strong></span> <span class='ocrx_word' id='word_1_172' title='bbox 631 2964 700 3052; x_wconf 90' lang='lat' dir='ltr'><strong>est,</strong></span> <span class='ocrx_word' id='word_1_173' title='bbox 714 2965 808 3058; x_wconf 92' lang='lat' dir='ltr'><strong>quod</strong></span> <span class='ocrx_word' id='word_1_174' title='bbox 827 2963 972 3033; x_wconf 78' lang='lat' dir='ltr'><strong>habeant</strong></span> <span class='ocrx_word' id='word_1_175' title='bbox 990 2958 1193 3057; x_wconf 81' lang='lat' dir='ltr'><strong>conservam</strong></span> <span class='ocrx_word' id='word_1_176' title='bbox 1215 2959 1250 3029; x_wconf 95' lang='lat' dir='ltr'><strong>in</strong></span> <span class='ocrx_word' id='word_1_177' title='bbox 1269 2951 1366 3036; x_wconf 55' lang='lat' dir='ltr'><strong>villa,</strong></span> <span class='ocrx_word' id='word_1_178' title='bbox 1396 2989 1400 2997; x_wconf 87' lang='lat'>·</span> 
     </span>
    </p>
   </div>
   <div class='ocr_carea' id='block_1_5' title="bbox 391 3067 1488 3175">
    <p class='ocr_par' dir='ltr' id='par_1_5' title="bbox 391 3067 1488 3175">
     <span class='ocr_line' id='line_1_23' title="bbox 391 3067 1488 3175; baseline 0.001 -31"><span class='ocrx_word' id='word_1_179' title='bbox 391 3097 456 3144; x_wconf 90' lang='lat' dir='ltr'><strong>nec</strong></span> <span class='ocrx_word' id='word_1_180' title='bbox 471 3071 536 3143; x_wconf 87' lang='lat' dir='ltr'><strong>hac</strong></span> <span class='ocrx_word' id='word_1_181' title='bbox 557 3095 665 3144; x_wconf 86' lang='lat' dir='ltr'><strong>venus</strong></span> <span class='ocrx_word' id='word_1_182' title='bbox 682 3071 857 3167; x_wconf 82' lang='lat' dir='ltr'><strong>pastoralis</strong></span> <span class='ocrx_word' id='word_1_183' title='bbox 877 3069 1012 3169; x_wconf 82' lang='lat' dir='ltr'><strong>iongius</strong></span> <span class='ocrx_word' id='word_1_184' title='bbox 1032 3067 1114 3175; x_wconf 85' lang='lat' dir='ltr'><strong>quid</strong></span> <span class='ocrx_word' id='word_1_185' title='bbox 1135 3068 1268 3167; x_wconf 82' lang='lat' dir='ltr'><strong>quaerit.</strong></span> <span class='ocrx_word' id='word_1_186' title='bbox 1288 3071 1366 3165; x_wconf 80' lang='lat' dir='ltr'><strong>Qui</strong></span> <span class='ocrx_word' id='word_1_187' title='bbox 1485 3150 1488 3157; x_wconf 63' lang='grc'><strong>,</strong></span> 
     </span>
    </p>
   </div>
   <div class='ocr_carea' id='block_1_6' title="bbox 391 3177 1451 3500">
    <p class='ocr_par' dir='ltr' id='par_1_6' title="bbox 391 3177 1451 3500">
     <span class='ocr_line' id='line_1_24' title="bbox 391 3177 1364 3276; baseline -0.004 -22"><span class='ocrx_word' id='word_1_188' title='bbox 391 3183 506 3254; x_wconf 77' lang='lat' dir='ltr'><strong>autern</strong></span> <span class='ocrx_word' id='word_1_189' title='bbox 519 3177 593 3252; x_wconf 88' lang='lat' dir='ltr'><strong>sunt</strong></span> <span class='ocrx_word' id='word_1_190' title='bbox 614 3178 651 3251; x_wconf 91' lang='lat' dir='ltr'><strong>in</strong></span> <span class='ocrx_word' id='word_1_191' title='bbox 667 3179 819 3267; x_wconf 82' lang='lat' dir='ltr'><strong>saltibus,</strong></span> <span class='ocrx_word' id='word_1_192' title='bbox 835 3182 872 3255; x_wconf 76' lang='grc' dir='ltr'><strong>δι</strong></span> <span class='ocrx_word' id='word_1_193' title='bbox 886 3177 1089 3254; x_wconf 72' lang='lat' dir='ltr'><strong>silvestribus</strong></span> <span class='ocrx_word' id='word_1_194' title='bbox 1102 3177 1189 3251; x_wconf 90' lang='lat' dir='ltr'><strong>locis</strong></span> <span class='ocrx_word' id='word_1_195' title='bbox 1200 3177 1364 3276; x_wconf 85' lang='lat' dir='ltr'><strong>pascunt,</strong></span> 
     </span>
     <span class='ocr_line' id='line_1_25' title="bbox 391 3273 1451 3390; baseline -0.001 -25"><span class='ocrx_word' id='word_1_196' title='bbox 391 3292 431 3365; x_wconf 76' lang='grc' dir='ltr'><strong>δι</strong></span> <span class='ocrx_word' id='word_1_197' title='bbox 451 3315 525 3361; x_wconf 90' lang='lat' dir='ltr'><strong>non</strong></span> <span class='ocrx_word' id='word_1_198' title='bbox 540 3288 643 3380; x_wconf 81' lang='lat' dir='ltr'><strong>villa,</strong></span> <span class='ocrx_word' id='word_1_199' title='bbox 656 3273 711 3364; x_wconf 86' lang='lat' dir='ltr'><strong>sed</strong></span> <span class='ocrx_word' id='word_1_200' title='bbox 724 3276 804 3366; x_wconf 75' lang='lat' dir='ltr'><strong>ca&#39;srs</strong></span> <span class='ocrx_word' id='word_1_201' title='bbox 817 3289 1002 3390; x_wconf 88' lang='lat' dir='ltr'><strong>repentinis</strong></span> <span class='ocrx_word' id='word_1_202' title='bbox 1021 3288 1146 3373; x_wconf 88' lang='lat' dir='ltr'><strong>imbres</strong></span> <span class='ocrx_word' id='word_1_203' title='bbox 1160 3289 1291 3365; x_wconf 81' lang='lat' dir='ltr'><strong>vitant:</strong></span> <span class='ocrx_word' id='word_1_204' title='bbox 1306 3291 1379 3365; x_wconf 71' lang='lat' dir='ltr'><strong>his&#39;</strong></span> <span class='ocrx_word' id='word_1_205' title='bbox 1446 3293 1451 3305; x_wconf 85' lang='lat'>&#39;</span> 
     </span>
     <span class='ocr_line' id='line_1_26' title="bbox 391 3398 1362 3500; baseline 0 -26"><span class='ocrx_word' id='word_1_206' title='bbox 391 3401 551 3474; x_wconf 75' lang='lat' dir='ltr'><strong>mulieres</strong></span> <span class='ocrx_word' id='word_1_207' title='bbox 563 3398 746 3498; x_wconf 82' lang='lat' dir='ltr'><strong>adjungere</strong></span> <span class='ocrx_word' id='word_1_208' title='bbox 758 3456 769 3491; x_wconf 94' lang='lat'><strong>,</strong></span> <span class='ocrx_word' id='word_1_209' title='bbox 782 3429 858 3500; x_wconf 81' lang='lat' dir='ltr'><strong>quae</strong></span> <span class='ocrx_word' id='word_1_210' title='bbox 874 3404 1056 3500; x_wconf 86' lang='lat' dir='ltr'><strong>sequantur</strong></span> <span class='ocrx_word' id='word_1_211' title='bbox 1067 3411 1201 3499; x_wconf 70' lang='lat' dir='ltr'><strong>greges,</strong></span> <span class='ocrx_word' id='word_1_212' title='bbox 1214 3426 1253 3474; x_wconf 85' lang='lat' dir='ltr'><strong>ac</strong></span> <span class='ocrx_word' id='word_1_213' title='bbox 1267 3400 1362 3474; x_wconf 86' lang='lat' dir='ltr'><strong>ciba·</strong></span> 
     </span>
    </p>
   </div>
   <div class='ocr_carea' id='block_1_7' title="bbox 388 3509 1477 4051">
    <p class='ocr_par' dir='ltr' id='par_1_7' title="bbox 388 3509 1477 4051">
     <span class='ocr_line' id='line_1_27' title="bbox 389 3509 1364 3610; baseline -0.002 -26"><span class='ocrx_word' id='word_1_214' title='bbox 389 3513 438 3584; x_wconf 82' lang='lat' dir='ltr'><strong>ria</strong></span> <span class='ocrx_word' id='word_1_215' title='bbox 451 3510 640 3606; x_wconf 81' lang='lat' dir='ltr'><strong>pastoribus</strong></span> <span class='ocrx_word' id='word_1_216' title='bbox 653 3513 852 3609; x_wconf 82' lang='lat' dir='ltr'><strong>expediant,</strong></span> <span class='ocrx_word' id='word_1_217' title='bbox 866 3514 994 3610; x_wconf 89' lang='lat' dir='ltr'><strong>eosque</strong></span> <span class='ocrx_word' id='word_1_218' title='bbox 1006 3510 1202 3583; x_wconf 84' lang='lat' dir='ltr'><strong>affiduiores</strong></span> <span class='ocrx_word' id='word_1_219' title='bbox 1215 3509 1364 3601; x_wconf 84' lang='lat' dir='ltr'><strong>faciant,</strong></span> 
     </span>
     <span class='ocr_line' id='line_1_28' title="bbox 388 3618 1363 3714; baseline -0.002 -19"><span class='ocrx_word' id='word_1_220' title='bbox 388 3621 475 3695; x_wconf 89' lang='lat' dir='ltr'><strong>utile</strong></span> <span class='ocrx_word' id='word_1_221' title='bbox 497 3620 649 3695; x_wconf 87' lang='lat' dir='ltr'><strong>arbitrati</strong></span> <span class='ocrx_word' id='word_1_222' title='bbox 667 3622 778 3695; x_wconf 87' lang='lat' dir='ltr'><strong>multi.</strong></span> <span class='ocrx_word' id='word_1_223' title='bbox 801 3622 866 3694; x_wconf 89' lang='lat' dir='ltr'><strong>Sed</strong></span> <span class='ocrx_word' id='word_1_224' title='bbox 887 3644 942 3696; x_wconf 81' lang='lat' dir='ltr'><strong>eas</strong></span> <span class='ocrx_word' id='word_1_225' title='bbox 962 3619 1120 3694; x_wconf 90' lang='lat' dir='ltr'><strong>mulieres</strong></span> <span class='ocrx_word' id='word_1_226' title='bbox 1137 3618 1202 3692; x_wconf 79' lang='lat' dir='ltr'><strong>effe</strong></span> <span class='ocrx_word' id='word_1_227' title='bbox 1219 3638 1363 3714; x_wconf 87' lang='lat' dir='ltr'><strong>oportet</strong></span> 
     </span>
     <span class='ocr_line' id='line_1_29' title="bbox 389 3727 1477 3827; baseline -0.001 -28"><span class='ocrx_word' id='word_1_228' title='bbox 389 3728 501 3802; x_wconf 80' lang='lat' dir='ltr'><strong>firmas</strong></span> <span class='ocrx_word' id='word_1_229' title='bbox 511 3783 523 3820; x_wconf 95' lang='lat'><strong>,</strong></span> <span class='ocrx_word' id='word_1_230' title='bbox 536 3754 609 3801; x_wconf 93' lang='lat' dir='ltr'><strong>non</strong></span> <span class='ocrx_word' id='word_1_231' title='bbox 630 3746 765 3826; x_wconf 89' lang='lat' dir='ltr'><strong>turpes,</strong></span> <span class='ocrx_word' id='word_1_232' title='bbox 778 3755 854 3827; x_wconf 84' lang='lat' dir='ltr'><strong>quae</strong></span> <span class='ocrx_word' id='word_1_233' title='bbox 868 3728 903 3803; x_wconf 90' lang='lat' dir='ltr'><strong>in</strong></span> <span class='ocrx_word' id='word_1_234' title='bbox 919 3752 1043 3827; x_wconf 83' lang='lat' dir='ltr'><strong>opere,</strong></span> <span class='ocrx_word' id='word_1_235' title='bbox 1060 3751 1098 3800; x_wconf 87' lang='lat' dir='ltr'><strong>ut</strong></span> <span class='ocrx_word' id='word_1_236' title='bbox 1118 3727 1153 3801; x_wconf 90' lang='lat' dir='ltr'><strong>in</strong></span> <span class='ocrx_word' id='word_1_237' title='bbox 1175 3727 1288 3799; x_wconf 85' lang='lat' dir='ltr'><strong>multis</strong></span> <span class='ocrx_word' id='word_1_238' title='bbox 1304 3751 1362 3799; x_wconf 89' lang='lat' dir='ltr'><strong>re·</strong></span> <span class='ocrx_word' id='word_1_239' title='bbox 1472 3762 1477 3769; x_wconf 95' lang='lat'>·</span> 
     </span>
     <span class='ocr_line' id='line_1_30' title="bbox 390 3837 1468 3938; baseline 0.002 -27"><span class='ocrx_word' id='word_1_240' title='bbox 390 3841 569 3937; x_wconf 81' lang='lat' dir='ltr'><strong>gionibus,</strong></span> <span class='ocrx_word' id='word_1_241' title='bbox 594 3866 668 3915; x_wconf 91' lang='lat' dir='ltr'><strong>non</strong></span> <span class='ocrx_word' id='word_1_242' title='bbox 692 3843 813 3916; x_wconf 82' lang='lat' dir='ltr'><strong>cedant</strong></span> <span class='ocrx_word' id='word_1_243' title='bbox 838 3842 939 3932; x_wconf 87' lang='lat' dir='ltr'><strong>viris,</strong></span> <span class='ocrx_word' id='word_1_244' title='bbox 955 3859 994 3915; x_wconf 87' lang='lat' dir='ltr'><strong>ut</strong></span> <span class='ocrx_word' id='word_1_245' title='bbox 1015 3840 1051 3913; x_wconf 93' lang='lat' dir='ltr'><strong>in</strong></span> <span class='ocrx_word' id='word_1_246' title='bbox 1074 3839 1218 3938; x_wconf 87' lang='lat' dir='ltr'><strong>Illyrico</strong></span> <span class='ocrx_word' id='word_1_247' title='bbox 1243 3837 1361 3933; x_wconf 79' lang='lat' dir='ltr'><strong>paffim</strong></span> <span class='ocrx_word' id='word_1_248' title='bbox 1460 3899 1468 3913; x_wconf 90' lang='lat'><em>.</em></span> 
     </span>
     <span class='ocr_line' id='line_1_31' title="bbox 391 3945 1363 4051; baseline 0.005 -35"><span class='ocrx_word' id='word_1_249' title='bbox 391 3947 509 4022; x_wconf 83' lang='lat' dir='ltr'><strong>videre</strong></span> <span class='ocrx_word' id='word_1_250' title='bbox 526 3950 623 4044; x_wconf 88' lang='lat' dir='ltr'><strong>licet,</strong></span> <span class='ocrx_word' id='word_1_251' title='bbox 637 3952 733 4051; x_wconf 88' lang='lat' dir='ltr'><strong>quod</strong></span> <span class='ocrx_word' id='word_1_252' title='bbox 747 3952 804 4028; x_wconf 87' lang='lat' dir='ltr'><strong>vel</strong></span> <span class='ocrx_word' id='word_1_253' title='bbox 820 3951 954 4050; x_wconf 90' lang='lat' dir='ltr'><strong>pascere</strong></span> <span class='ocrx_word' id='word_1_254' title='bbox 975 3973 1098 4048; x_wconf 91' lang='lat' dir='ltr'><strong>pecus,</strong></span> <span class='ocrx_word' id='word_1_255' title='bbox 1111 3947 1169 4020; x_wconf 81' lang='lat' dir='ltr'><strong>vel</strong></span> <span class='ocrx_word' id='word_1_256' title='bbox 1184 3947 1225 4018; x_wconf 85' lang='lat' dir='ltr'><strong>ad</strong></span> <span class='ocrx_word' id='word_1_257' title='bbox 1238 3945 1363 4021; x_wconf 87' lang='lat' dir='ltr'><strong>focum</strong></span> 
     </span>
    </p>
   </div>
   <div class='ocr_carea' id='block_1_8' title="bbox 390 4054 1368 4263">
    <p class='ocr_par' dir='ltr' id='par_1_8' title="bbox 390 4054 1368 4263">
     <span class='ocr_line' id='line_1_32' title="bbox 390 4054 1368 4240; baseline 0 -111"><span class='ocrx_word' id='word_1_258' title='bbox 390 4055 509 4132; x_wconf 83' lang='lat' dir='ltr'><strong>afferre</strong></span> <span class='ocrx_word' id='word_1_259' title='bbox 521 4059 631 4160; x_wconf 81' lang='lat' dir='ltr'><strong>ligna,</strong></span> <span class='ocrx_word' id='word_1_260' title='bbox 643 4088 683 4140; x_wconf 83' lang='lat' dir='ltr'><strong>ac</strong></span> <span class='ocrx_word' id='word_1_261' title='bbox 698 4061 812 4139; x_wconf 89' lang='lat' dir='ltr'><strong>cibum</strong></span> <span class='ocrx_word' id='word_1_262' title='bbox 824 4087 991 4164; x_wconf 87' lang='lat' dir='ltr'><strong>coquere,</strong></span> <span class='ocrx_word' id='word_1_263' title='bbox 1004 4060 1063 4138; x_wconf 80' lang='lat' dir='ltr'><strong>vel</strong></span> <span class='ocrx_word' id='word_1_264' title='bbox 1078 4058 1121 4240; x_wconf 56' lang='lat' dir='ltr'><strong>epp</strong></span> <span class='ocrx_word' id='word_1_265' title='bbox 1136 4056 1224 4132; x_wconf 84' lang='lat' dir='ltr'><strong>casas</strong></span> <span class='ocrx_word' id='word_1_266' title='bbox 1239 4054 1368 4131; x_wconf 56' lang='lat' dir='ltr'><strong>instrue</strong></span> 
     </span>
     <span class='ocr_line' id='line_1_33' title="bbox 838 4186 1271 4263; baseline 0 -65"><span class='ocrx_word' id='word_1_267' title='bbox 838 4186 842 4198; x_wconf 92' lang='lat'><em>.</em></span> <span class='ocrx_word' id='word_1_268' title='bbox 1023 4222 1026 4231; x_wconf 25' lang='grc' dir='ltr'>Ι</span> <span class='ocrx_word' id='word_1_269' title='bbox 1090 4242 1096 4249; x_wconf 76' lang='lat'><strong>,</strong></span> <span class='ocrx_word' id='word_1_270' title='bbox 1148 4187 1166 4263; x_wconf 70' lang='lat'>3</span> <span class='ocrx_word' id='word_1_271' title='bbox 1260 4228 1271 4263; x_wconf 90' lang='grc' dir='ltr'> </span> 
     </span>
    </p>
   </div>
   <div class='ocr_carea' id='block_1_9' title="bbox 0 0 1760 5084">
    <p class='ocr_par' dir='ltr' id='par_1_9' title="bbox 0 0 1760 5084">
     <span class='ocr_line' id='line_1_34' title="bbox 0 0 1760 5084; baseline 0 5"><span class='ocrx_word' id='word_1_272' title='bbox 0 0 1760 5084; x_wconf 95' lang='lat' dir='ltr'><strong> </strong></span> 
     </span>
    </p>
   </div>
  </div>
 </body>
</html>
