<?xml version="1.0" encoding="UTF-8"?>
<!DOCTYPE html PUBLIC "-//W3C//DTD XHTML 1.0 Transitional//EN"
    "http://www.w3.org/TR/xhtml1/DTD/xhtml1-transitional.dtd">
<html xmlns="http://www.w3.org/1999/xhtml" xml:lang="en" lang="en">
 <head>
  <title>
</title>
<meta http-equiv="Content-Type" content="text/html;charset=utf-8" />
  <meta name='ocr-system' content='tesseract 3.04.00' />
  <meta name='ocr-capabilities' content='ocr_page ocr_carea ocr_par ocr_line ocrx_word'/>
</head>
<body>
  <div class='ocr_page' id='page_1' title='image "./scriptoresreiru02gesngoog_0019.png"; bbox 0 0 3509 5084; ppageno 0'>
   <div class='ocr_carea' id='block_1_1' title="bbox 585 564 1367 673">
    <p class='ocr_par' dir='ltr' id='par_1_1' title="bbox 585 564 1367 673">
     <span class='ocr_line' id='line_1_1' title="bbox 585 564 1367 673; baseline 0.009 -7"><span class='ocrx_word' id='word_1_1' title='bbox 585 594 1035 673; x_wconf 72' lang='lat' dir='ltr'>PnAErArro.</span> <span class='ocrx_word' id='word_1_2' title='bbox 1229 618 1303 673; x_wconf 78' lang='lat' dir='ltr'>xm</span> <span class='ocrx_word' id='word_1_3' title='bbox 1362 564 1367 573; x_wconf 79' lang='grc'><strong>’</strong></span> 
     </span>
    </p>
   </div>
   <div class='ocr_carea' id='block_1_2' title="bbox 247 750 1365 3589">
    <p class='ocr_par' dir='ltr' id='par_1_2' title="bbox 331 750 1303 2056">
     <span class='ocr_line' id='line_1_2' title="bbox 334 750 1303 856; baseline 0.007 -32"><span class='ocrx_word' id='word_1_4' title='bbox 334 780 402 826; x_wconf 85' lang='lat' dir='ltr'>nus</span> <span class='ocrx_word' id='word_1_5' title='bbox 417 781 516 824; x_wconf 80' lang='lat' dir='ltr'>nocete</span> <span class='ocrx_word' id='word_1_6' title='bbox 527 756 725 856; x_wconf 79' lang='lat' dir='ltr'>tempestates.</span> <span class='ocrx_word' id='word_1_7' title='bbox 745 752 780 823; x_wconf 83' lang='lat' dir='ltr'>Si</span> <span class='ocrx_word' id='word_1_8' title='bbox 795 751 882 823; x_wconf 88' lang='lat' dir='ltr'>bene</span> <span class='ocrx_word' id='word_1_9' title='bbox 896 750 1045 846; x_wconf 81' lang='lat' dir='ltr'>conjecit</span> <span class='ocrx_word' id='word_1_10' title='bbox 1057 752 1163 828; x_wconf 83' lang='lat' dir='ltr'>Justus</span> <span class='ocrx_word' id='word_1_11' title='bbox 1176 754 1303 852; x_wconf 81' lang='lat' dir='ltr'>Lipsius</span> 
     </span>
     <span class='ocr_line' id='line_1_3' title="bbox 333 860 1302 961; baseline 0.009 -30"><span class='ocrx_word' id='word_1_12' title='bbox 333 866 423 934; x_wconf 87' lang='lat' dir='ltr'>Var.</span> <span class='ocrx_word' id='word_1_13' title='bbox 436 863 519 935; x_wconf 77' lang='lat' dir='ltr'>Lesl.</span> <span class='ocrx_word' id='word_1_14' title='bbox 538 889 580 959; x_wconf 78' lang='lat'>3,</span> <span class='ocrx_word' id='word_1_15' title='bbox 597 889 663 951; x_wconf 88' lang='lat'>21,</span> <span class='ocrx_word' id='word_1_16' title='bbox 681 861 803 961; x_wconf 89' lang='lat' dir='ltr'>(quem</span> <span class='ocrx_word' id='word_1_17' title='bbox 821 860 905 933; x_wconf 88' lang='lat' dir='ltr'>mihi</span> <span class='ocrx_word' id='word_1_18' title='bbox 926 860 1117 940; x_wconf 77' lang='lat' dir='ltr'>indicavita</span> <span class='ocrx_word' id='word_1_19' title='bbox 1139 880 1217 941; x_wconf 68' lang='grc' dir='ltr'><strong><em>πάνυ</em></strong></span> <span class='ocrx_word' id='word_1_20' title='bbox 1237 870 1302 940; x_wconf 86' lang='lat' dir='ltr'>Fa·</span> 
     </span>
     <span class='ocr_line' id='line_1_4' title="bbox 333 973 1301 1074; baseline 0.005 -29"><span class='ocrx_word' id='word_1_21' title='bbox 333 973 486 1068; x_wconf 81' lang='lat' dir='ltr'>bricius)</span> <span class='ocrx_word' id='word_1_22' title='bbox 508 999 589 1049; x_wconf 90' lang='lat' dir='ltr'>cum</span> <span class='ocrx_word' id='word_1_23' title='bbox 609 974 699 1070; x_wconf 85' lang='lat' dir='ltr'>apud</span> <span class='ocrx_word' id='word_1_24' title='bbox 722 973 875 1045; x_wconf 85' lang='lat' dir='ltr'>Nouium</span> <span class='ocrx_word' id='word_1_25' title='bbox 901 999 943 1067; x_wconf 90' lang='lat'>7,</span> <span class='ocrx_word' id='word_1_26' title='bbox 962 975 1007 1046; x_wconf 89' lang='lat'>82</span> <span class='ocrx_word' id='word_1_27' title='bbox 1034 975 1100 1074; x_wconf 86' lang='lat' dir='ltr'>legi</span> <span class='ocrx_word' id='word_1_28' title='bbox 1125 977 1238 1050; x_wconf 91' lang='lat' dir='ltr'>voluit</span> <span class='ocrx_word' id='word_1_29' title='bbox 1264 986 1301 1050; x_wconf 82' lang='lat' dir='ltr'>dc</span> 
     </span>
     <span class='ocr_line' id='line_1_5' title="bbox 336 1082 1300 1188; baseline 0.003 -30"><span class='ocrx_word' id='word_1_30' title='bbox 336 1114 369 1157; x_wconf 78' lang='lat' dir='ltr'>n</span> <span class='ocrx_word' id='word_1_31' title='bbox 380 1088 509 1188; x_wconf 84' lang='lat' dir='ltr'>rustica„</span> <span class='ocrx_word' id='word_1_32' title='bbox 525 1111 594 1181; x_wconf 92' lang='lat' dir='ltr'>pro</span> <span class='ocrx_word' id='word_1_33' title='bbox 616 1109 683 1173; x_wconf 88' lang='lat' dir='ltr'>eu,</span> <span class='ocrx_word' id='word_1_34' title='bbox 698 1085 788 1180; x_wconf 91' lang='lat' dir='ltr'>quod</span> <span class='ocrx_word' id='word_1_35' title='bbox 808 1082 929 1178; x_wconf 85' lang='lat' dir='ltr'>legitur</span> <span class='ocrx_word' id='word_1_36' title='bbox 944 1085 1049 1182; x_wconf 80' lang='lat' dir='ltr'>vulgo</span> <span class='ocrx_word' id='word_1_37' title='bbox 1070 1091 1106 1156; x_wconf 77' lang='lat' dir='ltr'>dc</span> <span class='ocrx_word' id='word_1_38' title='bbox 1125 1115 1222 1159; x_wconf 81' lang='lat' dir='ltr'>rerum</span> <span class='ocrx_word' id='word_1_39' title='bbox 1237 1119 1300 1160; x_wconf 87' lang='lat' dir='ltr'>na·</span> 
     </span>
     <span class='ocr_line' id='line_1_6' title="bbox 334 1184 1299 1289; baseline 0.007 -25"><span class='ocrx_word' id='word_1_40' title='bbox 334 1218 428 1266; x_wconf 77' lang='lat' dir='ltr'>tura:</span> <span class='ocrx_word' id='word_1_41' title='bbox 445 1195 470 1264; x_wconf 88' lang='lat' dir='ltr'>s1</span> <span class='ocrx_word' id='word_1_42' title='bbox 489 1184 580 1265; x_wconf 73' lang='lat' dir='ltr'>&#39;leste</span> <span class='ocrx_word' id='word_1_43' title='bbox 596 1192 665 1280; x_wconf 92' lang='lat' dir='ltr'>illi,</span> <span class='ocrx_word' id='word_1_44' title='bbox 677 1217 880 1289; x_wconf 85' lang='lat' dir='ltr'>quamquam</span> <span class='ocrx_word' id='word_1_45' title='bbox 898 1216 970 1263; x_wconf 88' lang='lat' dir='ltr'>non</span> <span class='ocrx_word' id='word_1_46' title='bbox 983 1193 1140 1279; x_wconf 86' lang='lat' dir='ltr'>laudato,</span> <span class='ocrx_word' id='word_1_47' title='bbox 1157 1220 1219 1271; x_wconf 90' lang='lat' dir='ltr'>nec</span> <span class='ocrx_word' id='word_1_48' title='bbox 1232 1199 1299 1271; x_wconf 84' lang='lat' dir='ltr'>ulla</span> 
     </span>
     <span class='ocr_line' id='line_1_7' title="bbox 334 1299 1298 1392; baseline 0.002 -18"><span class='ocrx_word' id='word_1_49' title='bbox 334 1302 514 1375; x_wconf 87' lang='lat' dir='ltr'>varietatis</span> <span class='ocrx_word' id='word_1_50' title='bbox 525 1301 698 1373; x_wconf 87' lang='lat' dir='ltr'>mentione</span> <span class='ocrx_word' id='word_1_51' title='bbox 708 1299 810 1387; x_wconf 78' lang='lat' dir='ltr'>sasl&#39;a,</span> <span class='ocrx_word' id='word_1_52' title='bbox 821 1300 999 1373; x_wconf 81' lang='lat' dir='ltr'>obsecutus</span> <span class='ocrx_word' id='word_1_53' title='bbox 1013 1303 1185 1374; x_wconf 89' lang='lat' dir='ltr'>Mercerus</span> <span class='ocrx_word' id='word_1_54' title='bbox 1196 1357 1208 1392; x_wconf 88' lang='lat'>,</span> <span class='ocrx_word' id='word_1_55' title='bbox 1221 1329 1298 1376; x_wconf 91' lang='lat' dir='ltr'>eum</span> 
     </span>
     <span class='ocr_line' id='line_1_8' title="bbox 331 1409 1299 1504; baseline 0.001 -20"><span class='ocrx_word' id='word_1_56' title='bbox 331 1413 477 1486; x_wconf 88' lang='lat' dir='ltr'>titulum</span> <span class='ocrx_word' id='word_1_57' title='bbox 496 1411 657 1485; x_wconf 70' lang='lat' dir='ltr'>restituite</span> <span class='ocrx_word' id='word_1_58' title='bbox 677 1410 776 1486; x_wconf 88' lang='lat' dir='ltr'>etiam</span> <span class='ocrx_word' id='word_1_59' title='bbox 798 1409 858 1482; x_wconf 93' lang='lat' dir='ltr'>illo</span> <span class='ocrx_word' id='word_1_60' title='bbox 873 1411 1003 1485; x_wconf 90' lang='lat' dir='ltr'>indicio</span> <span class='ocrx_word' id='word_1_61' title='bbox 1019 1412 1208 1504; x_wconf 83' lang='lat' dir='ltr'>constabit,</span> <span class='ocrx_word' id='word_1_62' title='bbox 1227 1438 1299 1485; x_wconf 91' lang='lat' dir='ltr'>non</span> 
     </span>
     <span class='ocr_line' id='line_1_9' title="bbox 332 1517 1298 1621; baseline -0.001 -27"><span class='ocrx_word' id='word_1_63' title='bbox 332 1521 505 1620; x_wconf 83' lang='lat' dir='ltr'>integrum</span> <span class='ocrx_word' id='word_1_64' title='bbox 526 1521 590 1621; x_wconf 86' lang='lat' dir='ltr'>esse</span> <span class='ocrx_word' id='word_1_65' title='bbox 612 1520 718 1593; x_wconf 89' lang='lat' dir='ltr'>hodie</span> <span class='ocrx_word' id='word_1_66' title='bbox 742 1524 955 1606; x_wconf 88' lang='lat' dir='ltr'>Varronem,</span> <span class='ocrx_word' id='word_1_67' title='bbox 980 1517 1070 1614; x_wconf 86' lang='lat' dir='ltr'>apud</span> <span class='ocrx_word' id='word_1_68' title='bbox 1092 1543 1215 1616; x_wconf 88' lang='lat' dir='ltr'>quem,</span> <span class='ocrx_word' id='word_1_69' title='bbox 1236 1521 1298 1593; x_wconf 88' lang='lat' dir='ltr'>nist</span> 
     </span>
     <span class='ocr_line' id='line_1_10' title="bbox 333 1627 1296 1728; baseline -0.005 -21"><span class='ocrx_word' id='word_1_70' title='bbox 333 1657 452 1728; x_wconf 84' lang='lat' dir='ltr'>parum</span> <span class='ocrx_word' id='word_1_71' title='bbox 463 1631 611 1717; x_wconf 89' lang='lat' dir='ltr'>attendi,</span> <span class='ocrx_word' id='word_1_72' title='bbox 625 1654 699 1701; x_wconf 90' lang='lat' dir='ltr'>non</span> <span class='ocrx_word' id='word_1_73' title='bbox 715 1627 789 1700; x_wconf 92' lang='lat' dir='ltr'>sunt</span> <span class='ocrx_word' id='word_1_74' title='bbox 802 1627 903 1701; x_wconf 91' lang='lat' dir='ltr'>hodie</span> <span class='ocrx_word' id='word_1_75' title='bbox 919 1628 1022 1699; x_wconf 89' lang='lat' dir='ltr'>verba</span> <span class='ocrx_word' id='word_1_76' title='bbox 1035 1627 1091 1699; x_wconf 81' lang='lat' dir='ltr'>illa</span> <span class='ocrx_word' id='word_1_77' title='bbox 1108 1634 1155 1700; x_wconf 82' lang='grc' dir='ltr'>Νι</span> <span class='ocrx_word' id='word_1_78' title='bbox 1157 1629 1296 1719; x_wconf 72' lang='lat' dir='ltr'>ftumiliae</span> 
     </span>
     <span class='ocr_line' id='line_1_11' title="bbox 334 1739 1295 1834; baseline 0.001 -20"><span class='ocrx_word' id='word_1_79' title='bbox 334 1748 520 1815; x_wconf 82' lang='lat' dir='ltr'>rixenrcum</span> <span class='ocrx_word' id='word_1_80' title='bbox 539 1745 654 1819; x_wconf 82' lang='lat' dir='ltr'>vicinis</span> <span class='ocrx_word' id='word_1_81' title='bbox 677 1745 841 1834; x_wconf 81' lang='lat' dir='ltr'>(rixentur</span> <span class='ocrx_word' id='word_1_82' title='bbox 862 1741 948 1813; x_wconf 84' lang='lat' dir='ltr'>male</span> <span class='ocrx_word' id='word_1_83' title='bbox 967 1739 1124 1812; x_wconf 84' lang='lat' dir='ltr'>scribitur</span> <span class='ocrx_word' id='word_1_84' title='bbox 1144 1742 1179 1811; x_wconf 91' lang='lat' dir='ltr'>in</span> <span class='ocrx_word' id='word_1_85' title='bbox 1201 1746 1295 1815; x_wconf 90' lang='lat' dir='ltr'>Mer·</span> 
     </span>
     <span class='ocr_line' id='line_1_12' title="bbox 335 1851 1295 1953; baseline 0.006 -30"><span class='ocrx_word' id='word_1_86' title='bbox 335 1853 468 1924; x_wconf 88' lang='lat' dir='ltr'>ceriana</span> <span class='ocrx_word' id='word_1_87' title='bbox 480 1906 491 1941; x_wconf 93' lang='lat'>,</span> <span class='ocrx_word' id='word_1_88' title='bbox 504 1856 542 1926; x_wconf 89' lang='lat'>&amp;</span> <span class='ocrx_word' id='word_1_89' title='bbox 559 1872 680 1926; x_wconf 86' lang='lat' dir='ltr'>contra</span> <span class='ocrx_word' id='word_1_90' title='bbox 700 1852 877 1926; x_wconf 81' lang='lat' dir='ltr'>consilium</span> <span class='ocrx_word' id='word_1_91' title='bbox 900 1851 1043 1942; x_wconf 89' lang='lat' dir='ltr'>Nonii.)</span> <span class='ocrx_word' id='word_1_92' title='bbox 1060 1852 1201 1927; x_wconf 88' lang='lat' dir='ltr'>Conser.</span> <span class='ocrx_word' id='word_1_93' title='bbox 1218 1881 1295 1953; x_wconf 79' lang='lat' dir='ltr'>quae</span> 
     </span>
     <span class='ocr_line' id='line_1_13' title="bbox 333 1963 861 2056; baseline 0.006 -24"><span class='ocrx_word' id='word_1_94' title='bbox 333 1963 477 2035; x_wconf 87' lang='lat' dir='ltr'><strong>dicimus</strong></span> <span class='ocrx_word' id='word_1_95' title='bbox 499 1965 539 2036; x_wconf 89' lang='lat' dir='ltr'>ad</span> <span class='ocrx_word' id='word_1_96' title='bbox 560 1970 656 2038; x_wconf 87' lang='lat' dir='ltr'>Vart.</span> <span class='ocrx_word' id='word_1_97' title='bbox 680 1989 718 2051; x_wconf 89' lang='lat'>1,</span> <span class='ocrx_word' id='word_1_98' title='bbox 742 1985 805 2056; x_wconf 83' lang='lat'>13,</span> <span class='ocrx_word' id='word_1_99' title='bbox 827 1966 861 2035; x_wconf 90' lang='grc'>6.</span> 
     </span>
    </p>

    <p class='ocr_par' dir='ltr' id='par_1_3' title="bbox 247 2072 1365 3589">
     <span class='ocr_line' id='line_1_14' title="bbox 383 2072 1294 2171; baseline 0.009 -30"><span class='ocrx_word' id='word_1_100' title='bbox 383 2075 427 2144; x_wconf 89' lang='lat' dir='ltr'>V.</span> <span class='ocrx_word' id='word_1_101' title='bbox 448 2075 482 2146; x_wconf 89' lang='lat' dir='ltr'>Si</span> <span class='ocrx_word' id='word_1_102' title='bbox 500 2074 621 2171; x_wconf 82' lang='lat' dir='ltr'>igitur,</span> <span class='ocrx_word' id='word_1_103' title='bbox 639 2094 675 2145; x_wconf 88' lang='lat' dir='ltr'>ut</span> <span class='ocrx_word' id='word_1_104' title='bbox 694 2072 778 2145; x_wconf 91' lang='lat' dir='ltr'>illuc</span> <span class='ocrx_word' id='word_1_105' title='bbox 800 2074 972 2147; x_wconf 84' lang='lat' dir='ltr'>redeamus</span> <span class='ocrx_word' id='word_1_106' title='bbox 985 2124 996 2159; x_wconf 97' lang='lat'>,</span> <span class='ocrx_word' id='word_1_107' title='bbox 1009 2073 1119 2168; x_wconf 85' lang='lat' dir='ltr'>passus</span> <span class='ocrx_word' id='word_1_108' title='bbox 1139 2073 1184 2145; x_wconf 82' lang='lat' dir='ltr'>est</span> <span class='ocrx_word' id='word_1_109' title='bbox 1202 2073 1294 2169; x_wconf 79' lang='lat' dir='ltr'>inju-</span> 
     </span>
     <span class='ocr_line' id='line_1_15' title="bbox 335 2182 1296 2279; baseline 0.006 -25"><span class='ocrx_word' id='word_1_110' title='bbox 335 2183 423 2255; x_wconf 84' lang='lat' dir='ltr'>riam</span> <span class='ocrx_word' id='word_1_111' title='bbox 436 2185 625 2256; x_wconf 88' lang='lat' dir='ltr'>seculorum</span> <span class='ocrx_word' id='word_1_112' title='bbox 638 2188 769 2268; x_wconf 81' lang='lat' dir='ltr'>Varr03</span> <span class='ocrx_word' id='word_1_113' title='bbox 785 2201 818 2254; x_wconf 88' lang='lat' dir='ltr'>at</span> <span class='ocrx_word' id='word_1_114' title='bbox 834 2183 870 2252; x_wconf 89' lang='lat' dir='ltr'>in</span> <span class='ocrx_word' id='word_1_115' title='bbox 887 2182 954 2252; x_wconf 92' lang='lat' dir='ltr'>hoc</span> <span class='ocrx_word' id='word_1_116' title='bbox 972 2182 1017 2250; x_wconf 90' lang='lat' dir='ltr'>est</span> <span class='ocrx_word' id='word_1_117' title='bbox 1032 2183 1186 2270; x_wconf 87' lang='lat' dir='ltr'>felicior,</span> <span class='ocrx_word' id='word_1_118' title='bbox 1200 2190 1296 2279; x_wconf 87' lang='lat' dir='ltr'>quod</span> 
     </span>
     <span class='ocr_line' id='line_1_16' title="bbox 335 2287 1294 2388; baseline 0.002 -26"><span class='ocrx_word' id='word_1_119' title='bbox 335 2291 574 2388; x_wconf 79' lang='lat' dir='ltr'>sospitatorem</span> <span class='ocrx_word' id='word_1_120' title='bbox 592 2292 638 2365; x_wconf 80' lang='lat' dir='ltr'>est</span> <span class='ocrx_word' id='word_1_121' title='bbox 656 2293 787 2377; x_wconf 69' lang='lat' dir='ltr'>nasluS,</span> <span class='ocrx_word' id='word_1_122' title='bbox 799 2287 1019 2361; x_wconf 80' lang='lat' dir='ltr'>acutissimum</span> <span class='ocrx_word' id='word_1_123' title='bbox 1033 2290 1294 2364; x_wconf 87' lang='lat' dir='ltr'>monstrosarum</span> 
     </span>
     <span class='ocr_line' id='line_1_17' title="bbox 247 2396 1296 2497; baseline 0.003 -28"><span class='ocrx_word' id='word_1_124' title='bbox 247 2398 251 2407; x_wconf 83' lang='grc'><strong>’</strong></span> <span class='ocrx_word' id='word_1_125' title='bbox 332 2396 424 2493; x_wconf 80' lang='lat' dir='ltr'>saepe</span> <span class='ocrx_word' id='word_1_126' title='bbox 437 2399 643 2489; x_wconf 78' lang='lat' dir='ltr'>lesliouum,</span> <span class='ocrx_word' id='word_1_127' title='bbox 658 2425 740 2497; x_wconf 88' lang='lat' dir='ltr'>quas</span> <span class='ocrx_word' id='word_1_128' title='bbox 762 2400 934 2472; x_wconf 68' lang='lat' dir='ltr'>Vislorius</span> <span class='ocrx_word' id='word_1_129' title='bbox 947 2422 989 2470; x_wconf 81' lang='lat' dir='ltr'>ex</span> <span class='ocrx_word' id='word_1_130' title='bbox 1005 2398 1097 2469; x_wconf 83' lang='lat' dir='ltr'>MSS.</span> <span class='ocrx_word' id='word_1_131' title='bbox 1109 2396 1296 2473; x_wconf 86' lang='lat' dir='ltr'>Codicibus</span> 
     </span>
     <span class='ocr_line' id='line_1_18' title="bbox 331 2498 1294 2606; baseline 0.005 -26"><span class='ocrx_word' id='word_1_132' title='bbox 331 2511 548 2606; x_wconf 85' lang='lat' dir='ltr'>protulerat,</span> <span class='ocrx_word' id='word_1_133' title='bbox 567 2498 809 2605; x_wconf 83' lang='lat' dir='ltr'>interpretem,</span> <span class='ocrx_word' id='word_1_134' title='bbox 836 2535 877 2580; x_wconf 85' lang='lat' dir='ltr'>an</span> <span class='ocrx_word' id='word_1_135' title='bbox 909 2508 1165 2603; x_wconf 75' lang='lat' dir='ltr'>conjeslorem?</span> <span class='ocrx_word' id='word_1_136' title='bbox 1189 2513 1294 2586; x_wconf 75' lang='lat' dir='ltr'>lose·</span> 
     </span>
     <span class='ocr_line' id='line_1_19' title="bbox 333 2618 1294 2713; baseline 0.007 -25"><span class='ocrx_word' id='word_1_137' title='bbox 333 2638 451 2692; x_wconf 80' lang='lat' dir='ltr'>vuum</span> <span class='ocrx_word' id='word_1_138' title='bbox 463 2622 718 2692; x_wconf 67' lang='lat' dir='ltr'>scurronum</span> <span class='ocrx_word' id='word_1_139' title='bbox 732 2644 743 2705; x_wconf 90' lang='lat'><strong>;</strong></span> <span class='ocrx_word' id='word_1_140' title='bbox 758 2618 851 2712; x_wconf 83' lang='lat' dir='ltr'>cujus</span> <span class='ocrx_word' id='word_1_141' title='bbox 866 2638 984 2707; x_wconf 85' lang='lat' dir='ltr'>noras,</span> <span class='ocrx_word' id='word_1_142' title='bbox 997 2619 1020 2691; x_wconf 87' lang='lat' dir='ltr'>st</span> <span class='ocrx_word' id='word_1_143' title='bbox 1033 2619 1133 2691; x_wconf 88' lang='lat' dir='ltr'>titulo</span> <span class='ocrx_word' id='word_1_144' title='bbox 1143 2619 1222 2694; x_wconf 86' lang='lat' dir='ltr'>fides</span> <span class='ocrx_word' id='word_1_145' title='bbox 1236 2625 1294 2713; x_wconf 82' lang='lat' dir='ltr'>est,</span> 
     </span>
     <span class='ocr_line' id='line_1_20' title="bbox 331 2729 1293 2828; baseline 0.005 -30"><span class='ocrx_word' id='word_1_146' title='bbox 331 2729 479 2824; x_wconf 90' lang='lat' dir='ltr'>primum</span> <span class='ocrx_word' id='word_1_147' title='bbox 498 2730 602 2800; x_wconf 90' lang='lat' dir='ltr'>edidit</span> <span class='ocrx_word' id='word_1_148' title='bbox 622 2756 699 2805; x_wconf 90' lang='lat' dir='ltr'>cum</span> <span class='ocrx_word' id='word_1_149' title='bbox 716 2730 853 2826; x_wconf 85' lang='lat' dir='ltr'>reliquis</span> <span class='ocrx_word' id='word_1_150' title='bbox 876 2754 967 2803; x_wconf 90' lang='lat' dir='ltr'>anno</span> <span class='ocrx_word' id='word_1_151' title='bbox 986 2754 1072 2828; x_wconf 80' lang='lat'>1573</span> <span class='ocrx_word' id='word_1_152' title='bbox 1089 2783 1099 2816; x_wconf 92' lang='lat'>,</span> <span class='ocrx_word' id='word_1_153' title='bbox 1117 2730 1156 2819; x_wconf 84' lang='lat'>8,</span> <span class='ocrx_word' id='word_1_154' title='bbox 1171 2734 1293 2803; x_wconf 87' lang='lat' dir='ltr'>Henri·</span> 
     </span>
     <span class='ocr_line' id='line_1_21' title="bbox 332 2838 1365 2934; baseline 0.005 -26"><span class='ocrx_word' id='word_1_155' title='bbox 332 2862 392 2909; x_wconf 88' lang='lat' dir='ltr'>cus</span> <span class='ocrx_word' id='word_1_156' title='bbox 413 2839 619 2934; x_wconf 79' lang='lat' dir='ltr'>Stephanus:</span> <span class='ocrx_word' id='word_1_157' title='bbox 637 2859 740 2912; x_wconf 82' lang='lat' dir='ltr'>vocat</span> <span class='ocrx_word' id='word_1_158' title='bbox 754 2838 843 2913; x_wconf 77' lang='lat' dir='ltr'>enim</span> <span class='ocrx_word' id='word_1_159' title='bbox 858 2870 922 2912; x_wconf 85' lang='lat' dir='ltr'>non</span> <span class='ocrx_word' id='word_1_160' title='bbox 937 2867 1029 2925; x_wconf 74' lang='lat' dir='ltr'>antea</span> <span class='ocrx_word' id='word_1_161' title='bbox 1042 2846 1149 2911; x_wconf 80' lang='lat' dir='ltr'>editas.</span> <span class='ocrx_word' id='word_1_162' title='bbox 1165 2844 1213 2908; x_wconf 84' lang='lat' dir='ltr'>Ex</span> <span class='ocrx_word' id='word_1_163' title='bbox 1233 2841 1293 2913; x_wconf 85' lang='lat' dir='ltr'>hac</span> <span class='ocrx_word' id='word_1_164' title='bbox 1360 2906 1365 2916; x_wconf 91' lang='lat'>.</span> 
     </span>
     <span class='ocr_line' id='line_1_22' title="bbox 333 2944 1349 3042; baseline 0.001 -26"><span class='ocrx_word' id='word_1_165' title='bbox 333 2944 486 3018; x_wconf 89' lang='lat' dir='ltr'>editione</span> <span class='ocrx_word' id='word_1_166' title='bbox 506 2967 578 3020; x_wconf 89' lang='lat' dir='ltr'>tum</span> <span class='ocrx_word' id='word_1_167' title='bbox 599 2948 680 3020; x_wconf 87' lang='lat' dir='ltr'>alias</span> <span class='ocrx_word' id='word_1_168' title='bbox 695 2967 813 3035; x_wconf 87' lang='lat' dir='ltr'>notas,</span> <span class='ocrx_word' id='word_1_169' title='bbox 828 2973 911 3042; x_wconf 87' lang='lat' dir='ltr'>quas</span> <span class='ocrx_word' id='word_1_170' title='bbox 933 2947 1048 3041; x_wconf 83' lang='lat' dir='ltr'>postea</span> <span class='ocrx_word' id='word_1_171' title='bbox 1071 2944 1197 3017; x_wconf 88' lang='lat' dir='ltr'>delevit</span> <span class='ocrx_word' id='word_1_172' title='bbox 1216 2948 1295 3016; x_wconf 84' lang='lat' dir='ltr'>Sca·</span> <span class='ocrx_word' id='word_1_173' title='bbox 1343 2994 1349 3017; x_wconf 82' lang='grc'><strong>.</strong></span> 
     </span>
     <span class='ocr_line' id='line_1_23' title="bbox 327 3054 1294 3155; baseline 0.006 -31"><span class='ocrx_word' id='word_1_174' title='bbox 327 3054 436 3151; x_wconf 83' lang='lat' dir='ltr'>liger,</span> <span class='ocrx_word' id='word_1_175' title='bbox 457 3056 699 3129; x_wconf 85' lang='lat' dir='ltr'>revocavimus</span> <span class='ocrx_word' id='word_1_176' title='bbox 714 3058 782 3151; x_wconf 86' lang='lat' dir='ltr'>(ad</span> <span class='ocrx_word' id='word_1_177' title='bbox 797 3086 837 3155; x_wconf 86' lang='lat'>3,</span> <span class='ocrx_word' id='word_1_178' title='bbox 858 3083 921 3150; x_wconf 87' lang='lat'>17,</span> <span class='ocrx_word' id='word_1_179' title='bbox 938 3084 971 3146; x_wconf 89' lang='lat'>4.</span> <span class='ocrx_word' id='word_1_180' title='bbox 994 3085 1069 3150; x_wconf 87' lang='lat' dir='ltr'>quos</span> <span class='ocrx_word' id='word_1_181' title='bbox 1088 3059 1243 3149; x_wconf 81' lang='lat' dir='ltr'>proinde,</span> <span class='ocrx_word' id='word_1_182' title='bbox 1257 3058 1294 3130; x_wconf 78' lang='grc' dir='ltr'>δι</span> 
     </span>
     <span class='ocr_line' id='line_1_24' title="bbox 331 3160 1292 3262; baseline 0.004 -32"><span class='ocrx_word' id='word_1_183' title='bbox 331 3160 414 3232; x_wconf 84' lang='lat' dir='ltr'>ibid.</span> <span class='ocrx_word' id='word_1_184' title='bbox 429 3191 522 3255; x_wconf 84' lang='lat' dir='ltr'>quam</span> <span class='ocrx_word' id='word_1_185' title='bbox 539 3166 591 3234; x_wconf 87' lang='lat' dir='ltr'>illi</span> <span class='ocrx_word' id='word_1_186' title='bbox 612 3168 647 3234; x_wconf 86' lang='lat' dir='ltr'>in</span> <span class='ocrx_word' id='word_1_187' title='bbox 660 3163 794 3261; x_wconf 81' lang='lat' dir='ltr'>Lydia)</span> <span class='ocrx_word' id='word_1_188' title='bbox 817 3164 956 3262; x_wconf 91' lang='lat' dir='ltr'>nequid</span> <span class='ocrx_word' id='word_1_189' title='bbox 978 3166 1051 3236; x_wconf 90' lang='lat' dir='ltr'>talis</span> <span class='ocrx_word' id='word_1_190' title='bbox 1074 3164 1141 3233; x_wconf 89' lang='lat' dir='ltr'>viri</span> <span class='ocrx_word' id='word_1_191' title='bbox 1156 3186 1292 3257; x_wconf 88' lang='lat' dir='ltr'>pereat,</span> 
     </span>
     <span class='ocr_line' id='line_1_25' title="bbox 335 3273 1293 3365; baseline 0.004 -25"><span class='ocrx_word' id='word_1_192' title='bbox 335 3288 409 3340; x_wconf 90' lang='lat' dir='ltr'>tum</span> <span class='ocrx_word' id='word_1_193' title='bbox 436 3273 587 3365; x_wconf 86' lang='lat' dir='ltr'>inprimis</span> <span class='ocrx_word' id='word_1_194' title='bbox 615 3275 656 3346; x_wconf 89' lang='lat' dir='ltr'>ad</span> <span class='ocrx_word' id='word_1_195' title='bbox 683 3303 722 3361; x_wconf 93' lang='lat'>1,</span> <span class='ocrx_word' id='word_1_196' title='bbox 747 3304 785 3364; x_wconf 90' lang='lat'>2,</span> <span class='ocrx_word' id='word_1_197' title='bbox 805 3299 847 3347; x_wconf 89' lang='lat'>10</span> <span class='ocrx_word' id='word_1_198' title='bbox 877 3275 1010 3346; x_wconf 90' lang='lat' dir='ltr'>nobiles</span> <span class='ocrx_word' id='word_1_199' title='bbox 1038 3274 1161 3344; x_wconf 90' lang='lat' dir='ltr'>Mureti</span> <span class='ocrx_word' id='word_1_200' title='bbox 1187 3274 1293 3345; x_wconf 84' lang='lat' dir='ltr'>verst-</span> 
     </span>
     <span class='ocr_line' id='line_1_26' title="bbox 331 3381 1294 3482; baseline 0.004 -31"><span class='ocrx_word' id='word_1_201' title='bbox 331 3381 437 3452; x_wconf 87' lang='lat' dir='ltr'>culos</span> <span class='ocrx_word' id='word_1_202' title='bbox 457 3384 595 3456; x_wconf 73' lang='lat' dir='ltr'>Trahere</span> <span class='ocrx_word' id='word_1_203' title='bbox 616 3384 805 3482; x_wconf 80' lang='lat' dir='ltr'>suppositos</span> <span class='ocrx_word' id='word_1_204' title='bbox 828 3406 929 3482; x_wconf 88' lang='lat' dir='ltr'>atque</span> <span class='ocrx_word' id='word_1_205' title='bbox 949 3385 1068 3457; x_wconf 85' lang='lat' dir='ltr'>Accio.</span> <span class='ocrx_word' id='word_1_206' title='bbox 1090 3384 1231 3480; x_wconf 86' lang='lat' dir='ltr'>Reliqua</span> <span class='ocrx_word' id='word_1_207' title='bbox 1252 3384 1294 3455; x_wconf 89' lang='lat' dir='ltr'>ad</span> 
     </span>
     <span class='ocr_line' id='line_1_27' title="bbox 331 3489 1294 3589; baseline 0.002 -28"><span class='ocrx_word' id='word_1_208' title='bbox 331 3490 626 3566; x_wconf 85' lang='lat' dir='ltr'>Durdrechtanam</span> <span class='ocrx_word' id='word_1_209' title='bbox 658 3502 749 3588; x_wconf 85' lang='lat'>1619</span> <span class='ocrx_word' id='word_1_210' title='bbox 776 3495 960 3564; x_wconf 85' lang='lat' dir='ltr'>editionem</span> <span class='ocrx_word' id='word_1_211' title='bbox 993 3489 1062 3563; x_wconf 84' lang='lat' dir='ltr'>sere</span> <span class='ocrx_word' id='word_1_212' title='bbox 1094 3493 1294 3589; x_wconf 86' lang='lat' dir='ltr'>exegimus,</span> 
     </span>
    </p>
   </div>
   <div class='ocr_carea' id='block_1_3' title="bbox 331 3603 1293 3702">
    <p class='ocr_par' dir='ltr' id='par_1_4' title="bbox 331 3603 1293 3702">
     <span class='ocr_line' id='line_1_28' title="bbox 331 3603 1293 3702; baseline 0 -30"><span class='ocrx_word' id='word_1_213' title='bbox 331 3625 404 3672; x_wconf 91' lang='lat' dir='ltr'>non</span> <span class='ocrx_word' id='word_1_214' title='bbox 420 3603 577 3701; x_wconf 76' lang='lat' dir='ltr'>negledlis</span> <span class='ocrx_word' id='word_1_215' title='bbox 595 3609 717 3694; x_wconf 89' lang='lat' dir='ltr'>etiam,</span> <span class='ocrx_word' id='word_1_216' title='bbox 731 3630 807 3702; x_wconf 90' lang='lat' dir='ltr'>quae</span> <span class='ocrx_word' id='word_1_217' title='bbox 820 3605 855 3674; x_wconf 93' lang='lat' dir='ltr'>in</span> <span class='ocrx_word' id='word_1_218' title='bbox 869 3603 1017 3702; x_wconf 84' lang='lat' dir='ltr'>margine</span> <span class='ocrx_word' id='word_1_219' title='bbox 1035 3626 1203 3677; x_wconf 86' lang='lat' dir='ltr'>annotatae</span> <span class='ocrx_word' id='word_1_220' title='bbox 1218 3604 1293 3673; x_wconf 93' lang='lat' dir='ltr'>sunt</span> 
     </span>
    </p>
   </div>
   <div class='ocr_carea' id='block_1_4' title="bbox 327 3690 1447 3814">
    <p class='ocr_par' dir='ltr' id='par_1_5' title="bbox 327 3690 1447 3814">
     <span class='ocr_line' id='line_1_29' title="bbox 327 3690 1447 3814; baseline 0.005 -33"><span class='ocrx_word' id='word_1_221' title='bbox 327 3708 610 3814; x_wconf 77' lang='lat' dir='ltr'>lesliones,quas</span> <span class='ocrx_word' id='word_1_222' title='bbox 622 3717 759 3789; x_wconf 85' lang='lat' dir='ltr'>Aldinas</span> <span class='ocrx_word' id='word_1_223' title='bbox 773 3717 842 3788; x_wconf 87' lang='lat' dir='ltr'>sere</span> <span class='ocrx_word' id='word_1_224' title='bbox 854 3715 1019 3808; x_wconf 85' lang='lat' dir='ltr'>esse,jam</span> <span class='ocrx_word' id='word_1_225' title='bbox 1034 3716 1088 3788; x_wconf 88' lang='lat' dir='ltr'>Cl.</span> <span class='ocrx_word' id='word_1_226' title='bbox 1104 3715 1291 3787; x_wconf 85' lang='lat' dir='ltr'>Pontedera</span> <span class='ocrx_word' id='word_1_227' title='bbox 1367 3730 1370 3735; x_wconf 84' lang='lat'>&#39;</span> <span class='ocrx_word' id='word_1_228' title='bbox 1445 3690 1447 3696; x_wconf 21' lang='grc' dir='ltr'>Ι</span> 
     </span>
    </p>
   </div>
   <div class='ocr_carea' id='block_1_5' title="bbox 327 3821 1292 4146">
    <p class='ocr_par' dir='ltr' id='par_1_6' title="bbox 327 3821 1292 4146">
     <span class='ocr_line' id='line_1_30' title="bbox 328 3821 1291 3917; baseline 0.004 -26"><span class='ocrx_word' id='word_1_229' title='bbox 328 3822 370 3892; x_wconf 88' lang='lat' dir='ltr'>ad</span> <span class='ocrx_word' id='word_1_230' title='bbox 399 3851 437 3912; x_wconf 92' lang='lat'>1,</span> <span class='ocrx_word' id='word_1_231' title='bbox 455 3850 560 3917; x_wconf 60' lang='lat'>¹2³4</span> <span class='ocrx_word' id='word_1_232' title='bbox 581 3827 784 3901; x_wconf 87' lang='lat' dir='ltr'>observavit.</span> <span class='ocrx_word' id='word_1_233' title='bbox 807 3830 1002 3899; x_wconf 72' lang='lat' dir='ltr'>Ausonius</span> <span class='ocrx_word' id='word_1_234' title='bbox 1025 3829 1163 3899; x_wconf 77' lang='grc' dir='ltr'>ΡοΡΜΑ</span> <span class='ocrx_word' id='word_1_235' title='bbox 1191 3821 1291 3895; x_wconf 89' lang='lat' dir='ltr'>etiarn</span> 
     </span>
     <span class='ocr_line' id='line_1_31' title="bbox 327 3918 1292 4033; baseline 0.002 -30"><span class='ocrx_word' id='word_1_236' title='bbox 327 3933 420 4007; x_wconf 90' lang='lat' dir='ltr'>hunc</span> <span class='ocrx_word' id='word_1_237' title='bbox 433 3918 619 4011; x_wconf 71' lang='lat' dir='ltr'>dedit&#39;cum</span> <span class='ocrx_word' id='word_1_238' title='bbox 633 3939 722 4010; x_wconf 83' lang='lat' dir='ltr'>notis</span> <span class='ocrx_word' id='word_1_239' title='bbox 737 3945 772 4012; x_wconf 79' lang='grc' dir='ltr'>δι</span> <span class='ocrx_word' id='word_1_240' title='bbox 793 3938 1017 4033; x_wconf 81' lang='lat' dir='ltr'>conjeslaneis</span> <span class='ocrx_word' id='word_1_241' title='bbox 1031 3963 1073 4008; x_wconf 85' lang='lat' dir='ltr'>ex</span> <span class='ocrx_word' id='word_1_242' title='bbox 1088 3935 1179 4007; x_wconf 87' lang='lat' dir='ltr'>offic.</span> <span class='ocrx_word' id='word_1_243' title='bbox 1194 3933 1292 4005; x_wconf 87' lang='lat' dir='ltr'>Plan·</span> 
     </span>
     <span class='ocr_line' id='line_1_32' title="bbox 327 4041 1290 4146; baseline 0.001 -29"><span class='ocrx_word' id='word_1_244' title='bbox 327 4043 388 4121; x_wconf 90' lang='lat' dir='ltr'>tin.</span> <span class='ocrx_word' id='word_1_245' title='bbox 408 4049 494 4121; x_wconf 89' lang='lat'>1601</span> <span class='ocrx_word' id='word_1_246' title='bbox 509 4100 522 4141; x_wconf 93' lang='lat'>,</span> <span class='ocrx_word' id='word_1_247' title='bbox 538 4049 572 4123; x_wconf 84' lang='lat'>8.</span> <span class='ocrx_word' id='word_1_248' title='bbox 589 4050 653 4122; x_wconf 87' lang='lat' dir='ltr'>Sed</span> <span class='ocrx_word' id='word_1_249' title='bbox 670 4048 779 4122; x_wconf 89' lang='lat' dir='ltr'>minus</span> <span class='ocrx_word' id='word_1_250' title='bbox 796 4049 916 4141; x_wconf 86' lang='lat' dir='ltr'>etiam,</span> <span class='ocrx_word' id='word_1_251' title='bbox 930 4071 1031 4146; x_wconf 90' lang='lat' dir='ltr'>quam</span> <span class='ocrx_word' id='word_1_252' title='bbox 1044 4045 1080 4116; x_wconf 93' lang='lat' dir='ltr'>in</span> <span class='ocrx_word' id='word_1_253' title='bbox 1094 4043 1226 4118; x_wconf 88' lang='lat' dir='ltr'>Catone</span> <span class='ocrx_word' id='word_1_254' title='bbox 1240 4041 1290 4125; x_wconf 68' lang='lat' dir='ltr'>fa·v</span> 
     </span>
    </p>
   </div>
   <div class='ocr_carea' id='block_1_6' title="bbox 0 0 1760 5084">
    <p class='ocr_par' dir='ltr' id='par_1_7' title="bbox 0 0 1760 5084">
     <span class='ocr_line' id='line_1_33' title="bbox 0 0 1760 5084; baseline 0 1"><span class='ocrx_word' id='word_1_255' title='bbox 0 0 1760 5084; x_wconf 95' lang='lat' dir='ltr'> </span> 
     </span>
    </p>
   </div>
  </div>
 </body>
</html>
