3509 5084
451 531 518 608 108
593 536 644 608 M.
669 534 948 607 TERENTII
973 531 1271 605 VARRONIS

446 720 548 793 quam
563 720 634 768 rem
653 695 744 768 bona
757 749 767 785 ,
780 714 838 769 aut
853 719 926 769 non
939 694 1096 767 bona'srt.
1125 718 1164 767 ea
1179 695 1286 768 tribus
1307 697 1420 771 modis

344 829 347 835 ·
443 805 589 897 dicitur,
604 805 801 892 communi,
824 805 970 903 proprio
993 807 1031 879 &
1047 803 1176 880 mixto.
1207 807 1422 898 Communi,

444 934 482 987 ut
493 940 570 987 cum
584 914 727 992 dicimus
742 915 862 1008 orbem
875 934 993 1002 terrae,
1007 914 1182 987 &terram
1197 914 1344 1007 ltaliam,
1358 936 1420 1009 aut

321 1108 325 1115 „
444 1050 549 1121 quam
566 1025 676 1100 aliam.
693 1025 729 1105 in
740 1051 782 1101 ea
796 1026 888 1098 enim
903 1027 985 1100 &la
1013 1025 1057 1117 is,
1073 1016 1292 1113 &'‘arena,&
1306 1046 1420 1102 cetera

444 1131 516 1228 ejus
532 1135 664 1232 generis
678 1132 804 1215 suntin
816 1052 1030 1218 nominando
1045 1134 1298 1260 comprehensa.
1320 1136 1421 1208 Alte·

406 1249 408 1255 '
444 1269 487 1316 ro
502 1247 612 1319 modo
629 1246 753 1325 dicitur
774 1264 860 1320 terra
882 1245 1046 1372 proprio
1049 1245 1191 1319 nomine
1199 1271 1302 1344 ‚qua
1316 1247 1420 1322 nullo

445 1354 516 1428 alio
539 1357 715 1433 vocabulo
726 1382 865 1456 ‚neque
876 1355 1092 1457 cognomine
1113 1356 1244 1451 adjedio
1267 1357 1421 1453 appella·

444 1485 512 1542 tur.
533 1468 654 1543 Tertio
679 1470 787 1541 modo
811 1470 934 1543 dicitur
953 1488 1060 1556 terra,
1075 1494 1152 1567 quae
1175 1469 1221 1543 est
1239 1470 1366 1558 mixta,
1381 1472 1420 1546 in

443 1601 512 1675 qua
533 1577 594 1651 seri
615 1579 725 1673 potest
739 1578 824 1676 quid
839 1582 878 1654 &
893 1579 983 1653 nasci
993 1605 1004 1666 ;
1016 1600 1053 1653 ut
1068 1580 1242 1678 argillosa,
1258 1599 1316 1652 aut
1329 1581 1420 1676 lapi·

444 1685 601 1774 dosa,s1c
620 1689 716 1776 aiiae;
733 1715 810 1761 cum
827 1690 864 1759 in
889 1690 953 1770 ha'c
975 1689 1101 1786 species
1125 1715 1196 1762 non
1218 1680 1329 1764 minus
1352 1691 1420 1766 sint
1453 1781 1460 1788 ὁ

355 1824 357 1833 *
444 1792 582 1885 multae,
604 1822 706 1895 quam
728 1800 762 1869 iu
782 1798 839 1870 illa
854 1800 1050 1891 communi,
1064 1818 1204 1897 propter
1228 1800 1418 1874 admixtio·

443 1929 515 1978 nes.
536 1907 572 1977 in
588 1907 646 1979 illa
660 1907 770 1997 enirn,
785 1930 861 1983 cum
879 1907 942 1980 fint
956 1908 1102 1981 diffimili
1122 1911 1158 1982 vi
1171 1935 1210 1982 ac
1228 1897 1418 2006 potestate,

433 2035 556 2119 ⁶partes
577 2018 803 2118 permultae,
794 2046 830 2093 m
851 2017 947 2117 queis
971 2019 1076 2117 lapis,
1098 2044 1268 2106 marmot,
1291 2021 1416 2111 rudus,

431 2150 569 2241 arena,
584 2125 701 2199 sabulo
713 2126 881 2224 ,argilla,
899 2127 1053 2217 rubrica,
1070 2128 1325 2223 pulvis,creta‚
1345 2131 1418 2226 glas
1500 2206 1503 2215 ,

445 2259 520 2323 rea,
534 2236 782 2312 carbunculus.
772 2235 854 2335 [rd
868 2236 1024 2334 est,quae
1040 2235 1110 2310 sole
1125 2237 1281 2334 perserve
1297 2238 1417 2330 trabit,
1480 2290 1495 2340 ·.

444 2361 482 2415 ut
498 2344 627 2421 radices
642 2346 788 2429 satorum
810 2345 1000 2429 comburat.
1009 2345 1123 2444 ]ab
1100 2371 1163 2435 us,
1177 2371 1253 2442 quae
1271 2347 1419 2444 proprio

442 2453 585 2526 nomine
603 2454 727 2529 dicitur
748 2475 854 2542 terta,
867 2481 944 2529 cum
957 2454 1005 2529 est
1017 2455 1164 2535 admixta
1177 2482 1219 2529 er
1240 2458 1292 2530 his
1312 2483 1419 2555 geue-

443 2561 536 2657 ribus
557 2561 746 2658 aliquare,
765 2581 837 2636 tum
859 2563 985 2636 dicitur
1008 2584 1067 2660 aut
1092 2565 1242 2653 cretosa,
1260 2587 1318 2638 aut
1342 2567 1418 2669 gla-

444 2672 561 2762 reosa,
575 2674 613 2747 &
633 2673 679 2748 stc
694 2675 737 2748 ab
757 2675 831 2748 aliis
847 2700 1010 2772 generum
1029 2673 1277 2767 discriminibus
1294 2677 1416 2762 mixta.

445 2783 485 2864 &
509 2782 558 2856 uti
581 2783 708 2876 horum
727 2784 931 2875 varietates,
951 2784 997 2857 ita
1017 2809 1138 2882 genera
1159 2785 1253 2872 haec,
1267 2803 1305 2858 ut
1326 2811 1415 2883 prae-

427 2911 536 2994 *terea
558 2893 732 2987 subtiliora
754 2895 912 2967 sintalia.
932 2921 1011 2969 narn
1030 2893 1208 2969 minimum
1226 2896 1263 2968 in
1284 2895 1415 2994 singula

444 3002 547 3077 facies
560 3028 678 3096 terna,
694 3007 790 3102 quod
806 3005 870 3078 alia
888 3023 976 3077 terra
992 3004 1039 3077 est
1055 3003 1153 3078 valde
1169 3002 1337 3100 lapidosa,
1348 3004 1415 3078 alia

442 3111 684 3226 mediocriter,
698 3114 762 3188 alia
776 3138 885 3212 prope
899 3139 1009 3212 pura.
1016 3114 1072 3186 Sic
1091 3113 1133 3193 de
1147 3113 1221 3186 aliis
1234 3113 1414 3211 generibus

321 3286 323 3297 ,
443 3224 584 3322 reliquis
593 3197 764 3307 admixtae
781 3249 879 3302 terra
901 3247 968 3299 tres
993 3228 1114 3325 gradus
1134 3224 1318 3300 ascendunt
1335 3227 1414 3300 eos·

421 3415 424 3422 ,
444 3337 533 3407 dem
554 3336 718 3410 Praeterea
737 3337 790 3411 ha
807 3338 887 3435 ipsae
912 3357 1016 3412 ternae
1038 3333 1163 3431 species
1188 3352 1298 3416 ternas
1320 3333 1356 3409 in
1381 3335 1415 3410 se

444 3445 572 3518 habent
588 3445 685 3538 alias,
707 3449 802 3545 quod
816 3447 938 3544 partim
954 3446 1031 3520 sunt
1046 3441 1277 3527 humidiorem
1290 3444 1415 3542 partim

341 3598 344 3603 <
444 3555 625 3646 aridiores,
641 3558 762 3652 partim
783 3559 986 3630 mediocres.
1013 3559 1133 3652 Neque
1156 3579 1229 3628 non
1252 3555 1325 3628 haec
1348 3553 1415 3626 dis·

270 3738 275 3746 ,
338 3745 342 3751 ,
446 3666 589 3743 crimina
613 3668 784 3764 pertinent
808 3670 850 3743 ad
879 3668 1007 3742 fruetus
1033 3668 1261 3746 vehementer.
1298 3669 1415 3763 Itaque

444 3777 545 3876 periti
558 3777 593 3850 in
606 3777 689 3857 loco
704 3775 896 3849 humidiore
909 3776 959 3849 far
975 3776 1136 3849 adoreum
1152 3775 1265 3874 potius
1280 3773 1415 3880 serunt,

368 3882 375 3898 ’
444 3912 545 3984 quam
562 3884 732 3972 triticum
745 3901 865 3958 contra
879 3884 914 3957 in
930 3883 1078 3958 aridiore
1092 3884 1258 3958 hordeum
1274 3882 1391 3977 potius
1400 3935 1414 3971 ,

434 3999 550 4097 squam
568 3996 694 4097 fanin
716 3995 884 4076 mediocri
909 4013 1103 4099 utrumque.
1125 3999 1290 4077 Preterea
1311 3996 1415 4070 etiam
