3509 5084
1304 379 1312 412 Ι

578 532 651 610 DE
672 536 743 609 ‘RE
768 536 1015 613 RUSTICA
1039 542 1132 614 ΗΒ.
1158 545 1197 618 11.
1299 544 1366 644 189

406 697 501 795 prius
511 697 652 771 biennio
667 697 949 773 confeuoalaete
961 703 1218 779 removendum.
1230 702 1369 801 eosque,
1469 690 1471 693 V

385 835 485 882 acum
499 809 584 880 stent
601 834 677 882 cum
692 809 867 896 matribus,
888 809 1055 882 interdum
1071 813 1296 902 tractandum,
1312 838 1368 901 ne,

404 946 485 994 cum
508 920 570 992 sint
590 917 747 1014 dijundi,
762 939 1000 994 exterreantur.
1015 923 1198 1018 eademque
1212 924 1309 995 causa
1320 923 1368 995 ibi

404 1027 521 1100 frenos
536 1028 821 1125 suspendendum,
836 1047 873 1102 ut
888 1031 1001 1126 equuli
1018 1031 1237 1105 consuescant
1255 1037 1292 1106 δι
1314 1034 1367 1106 vi·

404 1140 484 1210 dere
502 1164 621 1212 eorum
634 1138 772 1227 taciem,
785 1143 822 1213 &
835 1165 853 1212 e
868 1160 966 1212 motu
981 1141 1097 1214 audire
1108 1143 1266 1238 crepitus.
1278 1145 1366 1218 Cum

401 1248 469 1344 jam
487 1249 529 1322 ad
550 1273 668 1321 manus
689 1249 850 1323 accedere
871 1249 1089 1340 consuerint,
1113 1250 1280 1324 interdum
1300 1253 1367 1326 im·

402 1381 533 1453 ponere
550 1357 590 1431 iis
606 1383 766 1454 puerum,
779 1359 830 1430 bis
845 1377 902 1431 aut
913 1382 963 1431 ter
977 1383 1123 1454 pronum
1138 1358 1174 1432 in
1191 1379 1365 1449 ventrem,

402 1467 519 1562 postea
539 1465 606 1561 jam
631 1468 914 1567 sedentem.1·haec
939 1469 1049 1543 facere
1071 1497 1147 1543 cum
1172 1470 1212 1543 fit
1235 1471 1366 1547 trimus.

403 1591 476 1645 tum
498 1576 588 1648 enim
616 1577 760 1649 maxime
787 1576 959 1665 crescere,
987 1603 1026 1652 ac
1055 1579 1253 1652 lacertosum
1277 1578 1365 1654 sieri.

402 1684 487 1752 Sunt
499 1683 559 1778 qui
573 1683 700 1773 dicant,
715 1684 789 1778 post
802 1709 929 1774 annum
944 1686 980 1758 δι
995 1684 1050 1757 sex
1065 1685 1191 1760 menses
1204 1689 1365 1785 equulum

402 1791 534 1863 domari
555 1793 668 1885 posse,
684 1793 738 1864 sed
754 1793 873 1869 melius
893 1793 969 1888 post
988 1796 1145 1886 trimum,
1160 1823 1263 1894 aquo
1278 1817 1365 1871 tem-

400 1926 488 1996 pore
510 1901 641 2002 farrago
655 1903 728 1976 dari
744 1901 838 1978 solet.
856 1902 929 1975 haec
943 1903 1031 1976 enim
1048 1904 1202 2000 purgatio
1218 1907 1364 2002 maxime

401 2007 579 2080 necessaria
599 2007 725 2105 equino
740 2009 868 2103 pecori.
881 2009 975 2104 quod
991 2010 1108 2081 dicbus
1121 2008 1235 2082 deceni
1251 2010 1364 2083 facere

402 2137 559 2212 oportet,
574 2143 638 2191 nec
660 2116 729 2213 pati
754 2117 855 2191 alium
876 2118 984 2191 ullum
1011 2119 1123 2193 cibum
1145 2119 1284 2216 gustare.
1308 2122 1363 2194 Ab
1473 2146 1476 2153 ⁴

400 2223 584 2297 undecimo
604 2226 657 2298 die
673 2225 777 2320 usque
796 2226 838 2298 ad
857 2247 1013 2322 quartum
1028 2228 1195 2301 decimum
1214 2228 1362 2302 dandum

401 2334 578 2423 ordeum,
611 2333 767 2431 quotidie
804 2331 995 2429 adjiciendo
1031 2334 1234 2408 minutatim.
1265 2339 1363 2433 quod

399 2462 523 2538 quarto
543 2443 597 2515 die
620 2443 821 2535 seceris,in
848 2469 892 2517 eo
916 2444 1032 2517 decem
1059 2444 1176 2519 diebus
1198 2448 1362 2542 proximis

399 2552 628 2641 manendum,
652 2554 693 2625 ab
716 2577 759 2625 eo
786 2573 939 2650 tempore
959 2553 1176 2628 mediocriter
1197 2581 1361 2630 exercen-

399 2661 503 2734 dum:
517 2666 573 2754 δι,
589 2689 666 2736 cum
681 2663 826 2753 sudarit,
842 2666 1124 2762 perunguendum,
1139 2666 1231 2739 oleo.
1250 2669 1285 2763 Si
1301 2667 1362 2740 fri·
1480 2768 1485 2779 ι

397 2797 463 2870 gns
479 2774 565 2863 erit,
591 2774 627 2845 in
650 2773 753 2871 equili
774 2773 945 2847 faciendus
960 2774 1055 2871 ignis.
1073 2775 1159 2872 Equi
1185 2777 1278 2872 quod
1302 2776 1367 2857 alii¹

398 2881 477 2953 sunt
499 2883 540 2953 ad
561 2908 630 2954 rem
649 2883 825 2953 militarem
852 2881 992 2966 idonei,
1017 2881 1074 2952 alii
1099 2884 1140 2952 ad
1161 2884 1361 2974 vesturam,

399 2990 457 3061 alii
472 2990 513 3059 ad
526 2990 754 3074 admissuram,
768 2988 824 3059 alii
841 2990 883 3059 ad
896 2988 1083 3077 cursuram,
1094 3013 1165 3060 non
1181 2990 1260 3061 item
1282 2991 1360 3063 sunt

399 3094 567 3191 spestandi
586 3116 687 3193 atque
707 3088 862 3168 habendi.
887 3099 1002 3192 Itaque
1025 3098 1151 3192 peritus
1176 3097 1256 3171 belli
1274 3100 1359 3175 alios

396 3203 519 3300 eligit,
540 3224 641 3301 atque
661 3204 742 3295 alit,
756 3229 795 3277 ac
810 3205 929 3277 docet:
943 3204 1039 3276 aliter
1058 3205 1305 3303 quadrigarius,
1318 3233 1357 3280 ac

399 3315 559 3387 desultor.
580 3342 688 3414 neque
706 3317 818 3405 idem,
829 3316 888 3413 qui
902 3315 1067 3388 vectarios
1081 3315 1190 3388 facere
1206 3315 1299 3403 vult}
1314 3318 1357 3389 ad

398 3425 615 3521 ephippium‚
628 3448 684 3498 aut
705 3428 931 3519 adpraedam:
951 3427 1044 3520 quod
1067 3444 1103 3495 ut
1127 3427 1189 3514 [ad
1210 3451 1279 3495 rem
1296 3427 1358 3499 rni-

398 3538 551 3625 litarem,
567 3537 688 3636 quod]
710 3537 755 3608 ibi
767 3537 808 3606 ad
823 3535 925 3607 castra
944 3535 1065 3607 habere
1087 3537 1213 3627 volunt
1235 3560 1355 3626 acres,

398 3647 445 3718 stc
461 3664 580 3719 contra
603 3647 639 3742 in
664 3646 731 3718 viis
747 3646 866 3716 habere
883 3645 1013 3716 malunt
1031 3644 1193 3739 placidos.
1216 3664 1355 3740 propter

397 3758 496 3852 quod
518 3755 694 3826 discrimen
716 3754 861 3826 maxime
888 3753 1072 3826 institutum
1088 3807 1099 3843 ,
1118 3772 1154 3825 ut
1170 3758 1355 3828 castrentur

398 3863 485 3956 equi.
498 3864 617 3937 demtis
629 3863 719 3934 enim
733 3860 892 3936 testiculis
909 3859 994 3934 fiunt
1005 3865 1208 3962 quietiores,
1223 3856 1354 3937 &ideo

398 3973 494 4067 quod
514 3972 637 4047 semine
654 3971 828 4068 carent,ii
842 3972 982 4049 canterii
1000 3971 1176 4072 appellati,
1190 3992 1228 4046 ut
1240 3975 1277 4047 in
1288 3971 1355 4051 sui·
