3509 5084
582 514 1180 639 uananusarcn
1301 581 1404 652 n*

393 741 544 823 oportet.
564 725 633 797 Ubi
654 720 824 795 sementim
848 720 1051 816 patraveris,
1067 720 1218 816 glandem
1242 722 1352 815 parari

391 835 525 932 legique
538 849 691 927 oportet,
704 834 742 905 &
756 831 790 904 in
804 856 923 926 aquam
938 829 1075 922 conjici.
1088 830 1168 901 lnde
1182 829 1352 902 semodios
1445 920 1447 923 .

390 942 527 1038 singulis
551 939 658 1012 bubus
680 941 715 1010 in
736 939 805 1011 dies
824 941 893 1010 dari
916 955 1080 1033 oportet,
1098 939 1180 1010 &fi
1207 963 1279 1011 non
1306 940 1355 1010 la·'

390 1053 590 1139 borabunt,
609 1053 809 1148 pascantur,
828 1051 925 1126 satius
949 1052 1024 1124 erit.
1047 1071 1103 1124 aut
1123 1053 1273 1124 modium
1299 1049 1354 1122 vi·

357 1178 367 1194 ‘
391 1162 568 1236 naciorum
583 1215 595 1250 ,
609 1186 696 1257 quos
715 1161 750 1230 in
771 1159 900 1233 dolium
918 1159 1121 1234 condideris.
1136 1161 1281 1243 lnterdiu
1296 1183 1354 1255 pa·
1386 1153 1392 1171 ¹

392 1269 619 1358 scitomoctu
643 1268 727 1341 soeni
749 1270 867 1363 pondo
889 1290 987 1340 xxv.
1012 1269 1070 1340 uni
1092 1270 1178 1342 bovi
1202 1272 1293 1343 dato.
1316 1268 1353 1341 si
1450 1298 1452 1302 ⁷

392 1377 528 1450 suanum
554 1402 626 1450 non
647 1377 732 1466 erit,
754 1376 910 1449 frondem
931 1375 1083 1476 iligneam
1099 1382 1137 1452 δι
1158 1379 1352 1455 ederaceam

394 1487 487 1561 dato.
506 1487 617 1560 Paleas
634 1482 779 1559 triticeas
795 1488 1046 1575 &ordeaceas,
1057 1511 1135 1559 acus
1149 1485 1355 1582 sabaginum,

389 1593 547 1689 ¹viciam,
575 1594 630 1666 vel
655 1595 698 1665 de
719 1593 865 1687 lupino:
889 1594 969 1664 item
995 1596 1036 1665 de
1063 1594 1180 1686 ceteris
1202 1593 1355 1689 frugibus
1412 1619 1415 1625 ·

392 1705 509 1775 omnia
527 1705 680 1782 condito.
706 1691 796 1775 Cum
817 1703 994 1776 linamenta
1014 1708 1141 1780 condes
1155 1731 1257 1802 ,quae
1276 1705 1355 1776 her·

392 1812 560 1886 bofislima
580 1833 709 1903 erunt,
724 1816 760 1885 in
782 1816 871 1886 teilo
896 1810 1120 1903 cdndi10,&
1144 1814 1208 1886 sale
1230 1814 1354 1910 spargi·

380 1922 580 1996 -to.'deinde
602 1948 641 1995 ea
662 1948 727 2019 pro
750 1921 850 1994 foeno
869 1924 960 1996 dato.
976 1925 1045 1996 Ubi
1065 1948 1174 1997 verno
1188 1924 1355 1996 darecoe·

394 2032 673 2128 peris,modium
696 2034 825 2132 glandis
842 2051 899 2107 aut
922 2035 1138 2107 vinaciorum
1165 2036 1269 2122 dato,
1294 2051 1355 2106 aut

394 2140 547 2212 modium
569 2142 677 2238 lupini
699 2142 874 2232 macerati,
888 2141 1027 2217 &foeni
1050 2143 1168 2238 pondo
1193 2164 1260 2214 xv,
1283 2143 1355 2216 Ubi

394 2247 536 2320 ocinum
556 2250 793 2347 tempestivum
813 2252 899 2338 erit,
916 2252 997 2322 dato
1021 2251 1174 2345 primum.
1195 2250 1355 2324 Manibus

394 2358 551 2452 carpito,
564 2359 600 2430 id
618 2358 819 2433 renascetur.
839 2361 936 2457 quod
958 2358 1078 2432 falcula
1100 2358 1262 2444 secueris,
1281 2385 1355 2431 non

362 2486 369 2496 ·
389 2464 594 2541 renascetur.
610 2466 725 2563 Usque
742 2468 883 2540 ocinum
900 2467 999 2555 dato,
1011 2466 1125 2539 donec
1146 2467 1291 2553 arescat,
1308 2467 1356 2538 ira
1424 2487 1430 2500 ·
1457 2523 1459 2527 a

394 2595 607 2673 temperato,
633 2578 749 2674 postea
778 2577 901 2651 viciam
923 2578 1032 2665 dato,
1056 2576 1172 2673 postea
1200 2575 1355 2672 panicum
1440 2596 1442 2601 ·

394 2683 505 2773 dato,
534 2682 717 2756 secundum
740 2685 894 2780 panicum
915 2683 1071 2758 frondem
1093 2684 1237 2758 ulmeam
1262 2684 1355 2760 dato.
1457 2748 1459 2752 ,

394 2792 431 2865 si
455 2794 660 2891 populneam
680 2794 837 2885 habebis,
862 2794 1072 2882 admiscere,
1093 2811 1130 2866 ut
1150 2795 1259 2866 ulmea
1281 2793 1357 2865 satis

394 2903 465 2978 sier.
488 2904 557 2978 Ubi
575 2904 720 2995 ulmeam
738 2929 810 2976 non
832 2903 969 2977 habebis
981 2956 992 2992 ,
1005 2927 1186 2998 querneam
1201 2903 1238 2973 &
1260 2898 1356 2972 ficul-

394 3033 492 3081 neam
513 3011 603 3082 dato.
628 3010 723 3082 Nihil
743 3009 789 3084 est
808 3011 903 3106 quod
926 3009 1029 3106 magis
1054 3006 1229 3101 expediat,
1254 3029 1357 3103 quam
1394 3016 1397 3040 ²

374 3117 506 3192 'boves
525 3118 612 3191 bene
634 3144 759 3193 curare.
779 3123 916 3217 Boves,
931 3117 991 3190 nist
1006 3142 1065 3214 per
1087 3117 1258 3220 hiemem,
1277 3140 1357 3190 cum

356 3291 360 3296 ,
395 3251 471 3306 non
494 3229 658 3319 arabunt,
675 3229 765 3326 pasci
787 3253 859 3301 non
876 3246 1027 3324 oportet.
1046 3252 1121 3299 nam
1147 3225 1256 3298 viride
1278 3251 1357 3298 curn

396 3335 530 3421 edunt,
557 3338 686 3434 semper
714 3340 749 3412 id
776 3339 975 3436 exspectant.
1006 3339 1045 3411 δι
1069 3336 1208 3409 siscellas
1235 3335 1358 3409 habere

395 3438 554 3543 oportet,
571 3473 612 3520 ne
632 3449 769 3541 herbam
787 3448 970 3537 sedentur,
989 3471 1071 3519 cum·
1084 3447 1234 3518 arabunt.

439 3559 517 3630 LV.
539 3557 644 3655 Ligna
670 3558 823 3630 domino,
840 3558 877 3627 in
899 3553 1048 3627 tabulato
1067 3554 1232 3644 condito,
1258 3552 1356 3627 codi-

393 3663 495 3738 cillos
513 3666 728 3764 oleagineos,
744 3660 872 3739 radices
881 3659 933 3761 'in
945 3687 1073 3737 acervo
1091 3663 1152 3736 sub
1172 3662 1232 3737 dio
1251 3679 1355 3735 meras

393 3767 510 3844 facito.

443 3881 530 3952 LVl.
553 3876 698 3953 Familiae
715 3877 838 3953 cibaria
857 3877 917 3977 qui
939 3903 1027 3975 opus
1044 3876 1174 3952 facient
1194 3898 1253 3970 per
1277 3873 1353 3948 hie·

393 4009 510 4077 mem,
527 3987 631 4064 tritici
647 3986 782 4063 modios
796 4010 848 4062 av.
866 4013 926 4087 per
941 3987 1084 4061 aestatem
1097 3982 1232 4059 modios
1252 4002 1304 4060 w.
1322 4003 1351 4059 s.
