3509 5084
240 590 285 643 v1
406 568 482 643 JO.
509 491 1027 641 MdTTH.-GE5NER1'

243 729 319 826 ipso
334 729 415 801 loco
434 728 602 826 leguntur.
615 732 730 828 ltaque
751 729 874 824 pendet
900 727 1048 821 animus,
1065 757 1107 804 an
1130 756 1202 805 non

242 840 364 935 injuria
382 840 464 914 sassa
485 842 524 914 fit
546 868 638 915 ame
660 840 782 938 pariter
812 859 912 938 atque
934 842 987 914 Cl.
1009 843 1203 942 Schoettge·
1260 912 1291 943 Ι.

242 950 304 1022 nio
323 950 543 1039 Columellas,
558 976 633 1024 cum
655 952 696 1024 ad
714 978 749 1040 1,
773 979 816 1049 3,
838 978 851 1025 1
873 950 979 1048 ipsunt
996 952 1111 1049 potius
1126 956 1204 1025 Mo·

244 1059 395 1129 deratum
415 1055 638 1130 festinationis
656 1060 844 1156 postulate,
861 1084 959 1155 quam
984 1053 1148 1158 conqueri
1164 1061 1205 1134 de

245 1170 382 1243 Catone
393 1168 509 1242 amisso
529 1188 784 1258 auttruncato,
799 1169 987 1244 maluimus.
1002 1174 1040 1243 ln
1060 1196 1105 1243 eo
1125 1170 1205 1267 qui·

245 1281 321 1352 dem
343 1299 434 1353 certe
452 1305 572 1355 errares
582 1303 652 1350 non
666 1278 779 1375 potuit
794 1279 986 1352 Columella
997 1332 1008 1369 ,
1021 1281 1205 1376 quodpra-

246 1405 361 1460 totum
377 1384 707 1479 commendationem
724 1385 859 1482 longam
879 1414 924 1475 2,
943 1411 1006 1478 17,
1025 1415 1044 1464 2
1060 1391 1109 1458 M.
1122 1391 1207 1462 Por·

245 1497 302 1572 cio
328 1496 453 1569 Catoni
477 1493 669 1587 adscripfit,
691 1519 769 1566 cum
797 1493 1046 1594 suffragatorem
1068 1496 1142 1592 ejus
1158 1496 1207 1568 rei
1250 1492 1257 1507 ⁰

244 1605 354 1700 ipsum
372 1602 523 1675 Tullium
547 1602 678 1687 habeat.
700 1607 746 1674 At
768 1604 802 1675 in
821 1605 873 1702 his
897 1604 1111 1693 Catonianis,
1131 1630 1208 1704 quae

246 1739 338 1788 nunc
362 1714 512 1802 exstant,
526 1718 654 1807 quintus
676 1708 809 1785 demum
834 1737 932 1808 prato
954 1714 1052 1789 locus
1069 1714 1208 1812 affigna·

245 1837 312 1892 tur.
340 1821 420 1892 Hoc
439 1819 575 1918 quidem
598 1819 762 1917 ejusmodi
780 1820 849 1906 est,
866 1839 903 1891 ut
917 1820 1142 1916 integritatem
1163 1821 1206 1892 li·

247 1930 300 2002 bri
322 1948 453 2003 evertat
474 1930 616 2026 penitus.
638 1931 703 2001 Sed
717 1930 792 2001 sunt
807 1929 906 2002 etiam
923 1929 998 2003 alia.
1014 1932 1123 2002 Notas
1137 1931 1208 2025 agri

246 2040 331 2118 b'oni
344 2067 385 2114 ex
403 2043 539 2114 Catone
551 2039 663 2111 laudat
680 2038 807 2111 Plinius
825 2040 888 2126 18,
901 2042 938 2126 6,
952 2039 973 2109 s.
989 2068 1024 2136 7,
1034 2065 1069 2114 n.
1083 2068 1117 2128 2,
1130 2065 1207 2135 quae

247 2151 283 2222 in
304 2149 427 2221 nostris
446 2148 538 2220 libris
556 2173 628 2221 non
653 2149 838 2220 habentur:
860 2148 1007 2246 quasque
1026 2174 1069 2220 ex
1087 2151 1208 2222 eodem

248 2258 399 2353 repetisse
427 2258 564 2329 videtur
593 2255 787 2328 Columella
809 2285 849 2345 2,
872 2250 916 2346 2⁴,
940 2280 997 2330 20.
1020 2259 1139 2354 Neque
1166 2259 1208 2328 il·

248 2368 305 2438 lud
320 2369 482 2454 invenio,
498 2365 593 2461 quod
608 2390 649 2435 ex
668 2388 712 2435 eo
725 2364 818 2436 affert
837 2365 925 2435 idem
944 2366 1041 2466 Plini
1052 2371 1113 2455 18,
1128 2368 1172 2455 6,
1186 2367 1210 2440 s.

251 2479 271 2550 8
286 2505 300 2553 ε,
316 2480 485 2570 Quidquid
498 2503 553 2568 per
573 2478 702 2566 asellaam
712 2477 785 2566 fieri
801 2477 917 2574 potest,
931 2476 1069 2572 viliffime
1083 2481 1208 2580 constat.

247 2584 372 2680 Ecquis
391 2607 477 2655 vero
492 2582 645 2679 putabit,
661 2582 775 2654 sanum
790 2583 960 2654 Catonem
979 2582 1091 2672 fuisse,
1107 2584 1131 2655 st
1145 2584 1209 2656 im·

248 2691 379 2780 miscuit
401 2690 470 2786 ipse
497 2689 644 2787 pistoriis
668 2692 827 2786 operibus
852 2711 958 2764 uotum
978 2721 1038 2788 pro
1060 2698 1157 2766 bubus
1181 2719 1209 2766 c.
1266 2779 1268 2783 ¹
1304 2771 1310 2781 ,

249 2803 291 2900 83
306 2853 316 2888 ‚
330 2818 386 2873 aut
405 2800 494 2872 inter
507 2800 582 2872 vini
592 2801 786 2895 condituras
809 2822 1015 2898 praeceptum
1029 2810 1066 2875 de
1078 2808 1209 2878 canibus

246 2915 383 2999 interdiu
401 2917 472 2982 clau
485 2936 514 2981 ιε
533 2932 562 2980 c.
589 2934 665 2998 124.
684 2909 744 2984 De
764 2909 877 3005 priore
899 2909 966 3006 jam
985 2913 1209 2985 stomachatus

247 3023 294 3095 est
319 3021 495 3093 Me'ursrus.
519 3023 562 3093 Et
586 3044 650 3092 nos
673 3022 794 3092 malam
818 3047 954 3094 manum
977 3019 1130 3117 suspicati
1153 3023 1208 3095 su·

249 3155 323 3202 mus
341 3129 383 3203 ad
395 3153 424 3201 c.
447 3127 514 3224 38,
531 3155 561 3226 3.
580 3128 723 3201 Minime
736 3129 834 3201 etiam
848 3133 1096 3208 contemnenda
1108 3125 1210 3205 'nobis

249 3239 432 3327 videntur,
451 3262 526 3336 quae
540 3237 580 3310 de
597 3238 854 3337 repetitionibus
868 3241 904 3314 in
926 3243 993 3315 hoc
1014 3238 1132 3315 libello
1146 3266 1209 3316 oc·

249 3346 462 3422 currentibus
472 3367 590 3420 monet
597 3350 650 3424 Cl.
662 3350 850 3423 Pontedera
865 3351 899 3422 in
915 3351 988 3447 ipso
1002 3349 1090 3441 fine,
1101 3351 1157 3424 seu
1168 3352 1211 3422 ad

254 3463 342 3547 162,
359 3482 391 3554 ς.
404 3461 530 3531 lterum
543 3456 642 3548 dico,
656 3477 714 3532 aut
733 3460 808 3534 'talis
822 3461 876 3538 vir
893 3486 967 3534 non
981 3460 1064 3552 fuit,
1078 3463 1210 3561 qualem

248 3569 350 3642 nobis
372 3592 442 3639 uno
462 3592 524 3641 ore
543 3568 682 3642 tradunt
703 3587 857 3659 veteres,
871 3571 1008 3668 qualem
1026 3572 1211 3668 loquuntur

247 3679 430 3780 fragmenta
448 3702 468 3750 a
490 3677 607 3750 Gellio
620 3676 756 3774 aliisque
771 3677 900 3753 servata
910 3705 922 3765 ;
944 3699 1002 3753 aut
1023 3679 1106 3751 liber
1120 3677 1161 3749 de
1175 3701 1219 3749 re·

248 3781 374 3862 rustica
382 3842 394 3880 ,
407 3803 446 3860 ut
465 3810 557 3860 nunc
576 3785 643 3877 est,
658 3809 730 3857 non
753 3786 800 3859 est
822 3786 976 3886 Catonis.
1000 3790 1117 3882 ltaque
1137 3811 1210 3858 non

247 3881 380 3970 tuntum
395 3893 570 3970 subscribo
583 3893 755 3968 sententiae
773 3893 864 3990 eius,
880 3896 938 3992 qui
958 3905 994 3968 in
1013 3893 1104 3967 calce
1119 3894 1211 3964 Rhe·

249 4002 579 4105 dingerianitodicis
590 4004 771 4086 annotavit
778 4007 960 4110 ,Existimo
968 4029 1045 4101 opus
1056 3999 1114 4102 ff
1118 4001 1210 4103 frag·
1229 4105 1233 4116 1
