3509 5084
477 525 527 624 5⁶
628 487 1320 598 upoumuscnro

527 686 618 758 CIX.
633 683 758 755 Vinum
778 682 929 777 asperum
949 684 1043 781 quod
1057 683 1140 774 erit,
1157 685 1231 757 lene
1245 686 1282 758 δι
1304 683 1402 756 suave
1416 683 1443 756 sr

478 794 576 868 voles
591 793 722 881 facere,
739 793 783 865 fic
798 791 910 866 facito.
925 793 981 865 De
996 818 1081 868 ervo
1099 787 1239 866 farinam
1263 794 1368 867 facito
1382 794 1441 866 lib.

421 976 427 987 ,
477 924 535 977 ru.
560 907 597 977 δι
618 904 691 976 vini
715 903 861 1000 cyathos
886 924 942 975 1v.
969 901 1184 1001 conspergito
1207 907 1293 1001 sapa.
1323 904 1442 977 Pollea

478 1009 586 1085 facito
602 1010 792 1084 laterculos.
809 1003 1131 1087 Sinito'combibant
1144 1016 1275 1086 nouem
1291 1013 1445 1089 &diem

381 1178 383 1182 ,
479 1120 595 1218 postea
613 1119 832 1194 commisceto
853 1146 930 1193 cum
950 1144 994 1193 eo
1008 1114 1093 1193 vino
1111 1118 1146 1191 in
1162 1120 1281 1211 dolio,
1296 1123 1334 1195 δι
1348 1119 1445 1192 obli·

480 1231 557 1304 nito
576 1232 645 1304 dies
660 1252 719 1304 ux.
736 1231 772 1303 Id
789 1229 908 1303 vinum
921 1230 985 1302 erit
998 1229 1094 1319 lene,
1106 1233 1144 1304 δι
1159 1230 1279 1323 suave,
1293 1233 1329 1306 δι
1345 1231 1444 1304 bono
1467 1274 1475 1284 .

420 1395 421 1402 κ
482 1342 677 1431 colore,&
699 1342 784 1412 bene
806 1340 999 1412 odoratum.

529 1453 606 1526 CX.
628 1451 780 1522 Odorem
799 1448 1001 1549 deteriorem
1023 1448 1205 1552 demere
1171 1472 1257 1522 vino
1277 1446 1302 1519 fi
1323 1446 1445 1532 voles,

480 1561 596 1633 testam
622 1563 664 1633 de
693 1559 802 1657 tegula
825 1540 959 1634 erisiam
989 1585 1106 1654 puram
1129 1558 1320 1633 calfacito
1312 1585 1346 1629 ιη
1372 1557 1447 1656 igni

480 1667 578 1740 bene
602 1668 671 1742 Ubi
696 1667 839 1757 calebit,
861 1693 934 1740 eam
952 1666 1089 1763 picato,
1113 1669 1262 1742 resticula
1288 1667 1448 1764 alligato,

480 1775 595 1848 tellam
611 1774 809 1850 demittito
800 1802 835 1849 1n
859 1778 990 1850 dolium
1012 1776 1167 1850 infimum
1188 1777 1446 1867 leniter,s1nito

481 1883 622 1965 biduum
642 1884 788 1968 oblitum
808 1885 960 1958 dolium:
988 1885 1013 1958 sr
1032 1888 1165 1959 demtus
1186 1885 1249 1959 etit
1275 1886 1365 1956 odor
1389 1883 1448 1957 de-

476 1991 610 2080 terior,
622 1991 659 2064 id
672 1992 821 2088 optime;
835 1993 965 2084 finon,
981 1993 1098 2093 saepius
1111 1992 1234 2087 facito,
1248 1992 1448 2092 usquedum

481 2102 627 2176 odorem
649 2101 773 2175 malum
796 2103 963 2187 demseris

532 2214 623 2288 CXI.
647 2211 681 2282 Si
704 2212 802 2284 voles
822 2212 925 2303 scite,
945 2212 980 2285 in
1000 2212 1121 2290 uinum
1141 2239 1229 2313 aqua
1251 2212 1362 2287 addita
1384 2209 1448 2302 Iit,

482 2345 612 2411 necne,
636 2319 809 2396 vasculum
834 2320 939 2395 facito
964 2324 1006 2394 de
1032 2323 1171 2396 materia
1194 2325 1362 2411 ederacea.
1381 2323 1449 2394 Vi·

482 2457 566 2506 num
589 2430 645 2516 id,
661 2431 757 2526 quod
777 2432 909 2526 putabis
927 2457 1045 2530 aquam
1062 2432 1210 2530 habere„
1226 2437 1346 2507 eodem
1368 2434 1449 2507 mit·

482 2542 559 2617 tito.
581 2541 616 2613 si
629 2540 767 2614 habebit
784 2567 928 2639 aquam,
942 2543 1062 2617 vinum
1077 2544 1190 2617 effluet
1199 2570 1312 2642 ‚aqua
1330 2569 1449 2625 mane·¹

482 2649 542 2722 bit.
561 2675 639 2721 nam
653 2673 724 2722 non
739 2650 894 2725 continet
909 2651 1027 2755 vinum
1044 2677 1103 2728 vas
1117 2637 1325 2737 ederaceum.

531 2758 638 2830 CXII.
663 2757 790 2857 Vinum
812 2761 927 2841 Coum
948 2758 973 2835 sr
992 2759 1089 2871 vqles
1111 2757 1241 2850 Iacere,
1262 2783 1381 2854 aquam
1403 2783 1449 2830 ex

483 2865 556 2941 alto
569 2866 732 2941 marinam
752 2868 899 2954 sumito,
911 2893 996 2941 mart
985 2842 1219 2966 tranquillo,
1232 2893 1309 2941 curn
1324 2885 1449 2942 ventus

482 3001 557 3049 non
571 2977 652 3067 erit,
666 2978 735 3053 dies
748 2999 840 3054 Lxx,
853 2996 931 3052 ante
946 2978 1150 3053 vindemiam
1162 3033 1173 3069 ,
1186 3003 1259 3102 quo
1266 3004 1358 3102 ‘aqua
1372 2978 1448 3050 dul·

482 3085 532 3159 eis
548 3109 618 3155 nott
640 3089 827 3181 perveniet.
849 3076 918 3163 Ubi
938 3085 1083 3161 hauseris
1095 3088 1136 3160 de
1149 3087 1254 3179 mati,
1265 3087 1300 3159 in
1315 3085 1461 3159 dolium*

482 3192 642 3284 fundite,
664 3197 782 3272 nolito
800 3198 960 3293 implete,
979 3197 1254 3320 quadrantalibus
1276 3218 1314 3271 ν.
1338 3197 1479 3269 minus.

481 3303 521 3377 Iit
526 3307 652 3401 ‚quam
665 3305 813 3400 plenum.
839 3272 1080 3401 operculum
1054 3305 1247 3429 imponito,
1261 3305 1446 3403 relinquito
1466 3302 1468 3306 ’

482 3439 550 3512 qua
559 3412 758 3510 intersprret
770 3413 925 3489 Ubidres
934 3434 1020 3486 xxx
1033 3433 1271 3512 praeterierint,
1281 3413 1447 3488 transsun

482 3521 581 3596 dito
571 3547 606 3592 rn
622 3523 761 3597 alterum
779 3523 911 3598 dolium
930 3524 1109 3622 puriter&
1128 3523 1262 3597 leviter.
1286 3521 1446 3618 relinqui·
1518 3527 1520 3532 ’

482 3650 522 3708 to
534 3632 570 3706 in
584 3633 655 3707 imo
664 3634 789 3733 ,quod
805 3634 979 3708 desederit.
996 3624 1075 3706 Poll
1096 3632 1165 3707 dies
1180 3655 1235 3706 xx
1253 3633 1288 3705 in
1303 3633 1445 3704 alterum

482 3741 645 3816 dolium'
637 3762 717 3815 rtem
735 3739 1016 3829 transfundit03
1007 3760 1053 3815 tta
1076 3742 1260 3839 relinquito
1282 3739 1448 3835 usquead

482 3849 699 3926 vindemiam.
715 3846 870 3922 Unde
835 3873 954 3921 vinum
974 3850 1088 3922 Coum
1104 3846 1212 3924 facere
1228 3848 1342 3934 voles,
1360 3872 1447 3920 uvas

376 3984 379 3992 ·
481 3959 690 4062 relinquito
682 3955 719 4036 rn
740 3956 860 4052 vinea,
862 3954 986 4070 linito
998 3958 1085 4035 bene
1107 3976 1308 4057 coquantur.
1327 3957 1366 4030 δι
1387 3954 1447 4029 ubi
