3509 5084
456 542 460 549 ’
540 547 630 621 Dr
679 493 764 617 'rte
814 544 1174 641 uusrrct.
1309 570 1355 628 η’

388 711 607 810 iugumenta‚
627 708 762 794 asseres,
782 707 982 791 fulmentas,
997 706 1153 805 praesepis
1170 696 1281 782 bubds
1297 710 1354 786 hid
1412 796 1414 803 y

390 820 533 905 beruas,
555 821 591 889 δι
607 814 745 915 aellivas·
757 815 920 907 Faliscas,
935 817 1070 913 equile,
1085 816 1185 889 cellas
1196 816 1353 909 finilia,
1406 854 1410 865 ·

389 927 541 1002 carnaria
561 946 616 996 ιη.
634 924 782 1012 orbem,
800 926 907 998 ahena
925 948 965 998 u.
979 927 1075 999 haras
1090 948 1129 997 x,
1143 925 1284 1017 focum,
1301 927 1356 1025 ja·¹

388 1061 489 1107 uuam
506 1035 706 1125 maximam,
717 1034 758 1106 δε
769 1033 934 1130 alteram,
946 1058 1050 1131 quam
1064 1037 1162 1108 volet
1174 1036 1355 1128 dominus,

390 1144 549 1217 fenestras
564 1201 576 1233 ,
592 1145 715 1218 clatros
737 1143 773 1214 in
788 1141 945 1216 fenestras
965 1142 1130 1235 majores,
1145 1146 1183 1219 δι
1204 1146 1357 1221 minores

391 1254 561 1350 bipedales
572 1274 608 1323 at.
619 1252 745 1323 lumina
756 1274 809 1323 vr.
822 1252 965 1325 scamma
980 1273 1036 1324 111.
1052 1246 1143 1324 sellas
1157 1276 1195 1325 v.
1210 1253 1356 1348 telasjo·

392 1361 482 1459 gales
495 1361 598 1448 duas,
613 1359 791 1432 luminaria
807 1380 861 1432 vr.
880 1358 1049 1455 paululam
1069 1361 1197 1456 pilam,
1213 1363 1271 1435 ubi
1292 1364 1354 1437 tri·

391 1473 497 1544 ticum
516 1470 673 1568 pinsant,
694 1497 817 1559 unam,
836 1469 1034 1555 fullonicam
1050 1478 1176 1562 unam,
1192 1495 1356 1573 antepag-

391 1600 526 1670 menta,
546 1581 625 1654 vasa
638 1580 771 1653 torcula
785 1581 866 1653 duo.
881 1582 943 1651 Hae
956 1582 1002 1651 rei
1021 1581 1212 1671 materiem,
1227 1584 1265 1657 δι
1278 1610 1356 1682 quae
1437 1621 1439 1627 ·

390 1714 479 1787 opus
497 1689 597 1779 sunt,
617 1687 778 1760 dominus
801 1688 966 1784 praebebit
980 1743 992 1778 ,
1006 1690 1045 1762 δι
1064 1691 1105 1760 ad
1131 1713 1218 1786 opus
1238 1693 1357 1767 dabit:

390 1799 551 1888 succidet,
561 1798 702 1871 dolabit.
714 1796 836 1872 sertam
852 1820 877 1869 1.
893 1797 1015 1870 lineam
1032 1820 1057 1870 1.
1073 1801 1243 1874 materiam
1257 1798 1355 1883 duma*

391 1926 479 1981 taxat
497 1906 645 1995 secabit,
669 1905 847 2004 facietque.
863 1908 1067 1980 Condudor
1085 1909 1256 2006 lapidem,
1282 1912 1356 2001 cal-i
1410 1972 1413 1979 .

392 2040 490 2103 cem,
511 2038 668 2104 arenam,
689 2040 811 2112 aquam
827 2064 838 2099 ‚
855 2014 990 2109 paleas,
1013 2034 1133 2088 tertam
1154 2070 1166 2104 ,
1191 2018 1282 2090 unde
1304 2019 1356 2093 l'u·'
1410 2070 1412 2075 -

392 2142 463 2196 turn
484 2120 552 2193 fiat.
572 2121 606 2193 si
620 2123 661 2201 de
682 2123 776 2197 coelo
796 2122 880 2196 villa
901 2124 982 2194 talla
997 2122 1079 2212 fiet,
1092 2125 1134 2196 de
1149 2150 1186 2197 ea
1203 2151 1239 2197 re
1253 2127 1356 2200 verba

392 2232 444 2305 uti
474 2228 567 2305 liant.
589 2232 680 2307 Huic
707 2230 807 2327 operi
828 2231 972 2327 pretium
997 2232 1040 2304 ab
1066 2233 1360 2323 dominubono',
1421 2254 1423 2259 '

392 2338 455 2436 qui
471 2338 557 2411 bene
576 2340 750 2434 praebeat,
768 2364 844 2436 quae
862 2361 951 2434 opus
973 2336 1068 2425 sunt,
1086 2342 1124 2413 δι
1145 2364 1275 2414 numus·
1288 2340 1359 2416 fide

393 2448 483 2521 bona
504 2447 623 2529 solvat.
643 2452 681 2520 ln
704 2448 833 2546 tegulas
858 2446 1000 2547 singulas
1021 2470 1061 2523 tr.
1082 2450 1120 2523 in
1140 2452 1289 2526 tellum:
1308 2453 1356 2528 ste

393 2559 625 2633 numerabitur
645 2558 780 2657 tegula:
806 2557 937 2656 integra
963 2584 1039 2656 qua
1066 2584 1136 2633 non
1161 2559 1243 2652 erit,
1263 2564 1356 2636 unde

393 2686 511 2768 quarta
532 2688 609 2765 pars
627 2667 754 2757 aberit,
768 2667 844 2739 dure
860 2690 924 2763 pro
948 2680 1037 2757 una,
1055 2668 1257 2744 conliciares
1278 2678 1356 2768 quae

393 2800 510 2872 erunt,
530 2805 594 2879 pro
615 2782 703 2853 binis
726 2782 957 2878 putabuntur:
977 2778 1011 2853 in
1025 2780 1099 2853 aliis
1123 2799 1210 2877 quot
1228 2803 1356 2874 erunt,

393 2893 429 2966 in
455 2894 597 2991 singulas
618 2912 789 2990 quaternae
809 2894 1084 2965 numerabuntur.
1106 2892 1223 2981 Villa,
1245 2892 1359 2989 lapide·
1436 2928 1440 2935 ·

395 3004 487 3078 calce
499 3003 718 3075 fundamenta
732 3002 827 3097 supra
844 3004 966 3074 terram
984 3000 1089 3095 pede,
1103 3021 1234 3075 ceteros
1248 3002 1358 3098 parie·
1468 3016 1475 3023 '

394 3133 446 3188 tes
465 3140 509 3189 ex
535 3115 663 3205 latere,
688 3114 885 3213 iugumenta
911 3117 952 3189 δε
974 3132 1253 3213 antepagmenta,
1278 3142 1359 3215 quae

396 3248 484 3320 opus
498 3243 612 3313 erunt,
626 3223 747 3298 indito.
758 3227 881 3299 Cetera
893 3225 948 3297 lex
968 3220 1111 3298 utivilla
1126 3226 1276 3313 ex'calce
1290 3250 1359 3304 caeu·

395 3333 540 3427 mentis;
558 3334 701 3432 pretium
718 3334 754 3407 in
775 3337 904 3435 tegulas
923 3334 1069 3432 lingulas
1091 3358 1130 3408 Ν.
1152 3355 1181 3408 s·.
1202 3335 1286 3410 loco'
1309 3336 1359 3409 sa·-

393 3442 486 3515 lubri
509 3445 606 3516 bono
628 3446 773 3517 domino
790 3447 887 3530 haee,
906 3470 991 3541 quae·
1003 3444 1102 3539 supra
1123 3444 1230 3539 pretia
1252 3447 1360 3543 polita

394 3551 485 3628 sunt.
507 3578 549 3626 ex
573 3556 668 3653 figno
694 3553 942 3648 manupretium
971 3552 1066 3625 eritt·
1080 3553 1272 3650 pestilenti,
1299 3555 1360 3631 ubi

396 3661 506 3755 pestate
529 3662 602 3736 fieri
624 3690 697 3737 non
719 3663 846 3762 potest,
861 3663 962 3739 bono
980 3663 1124 3741 domino
1140 3692 1218 3767 pars
1241 3654 1359 3763 quarta

396 3768 498 3865 pretii
523 3774 671 3847 accedat.

444 3878 524 3948 XV.
538 3877 701 3953 Macerias
716 3904 762 3953 ex·
773 3878 884 3971 calce,
899 3880 1095 3971 canentia,
1112 3880 1216 3967 filice,
1233 3877 1284 3952 uti
1298 3880 1361 3955 do·'

394 3985 510 4060 minus
526 3988 642 4062 omnia
661 3989 703 4062 ad
721 4014 809 4089 opus
825 3990 991 4090 prebeat,
1008 3991 1107 4065 altam
1126 4010 1158 4061 P.
1179 4010 1218 4062 v,
1231 3987 1364 4081 facito,

974 4101 1169 4197 ‚83
