3509 5084
452 556 635 611 cxxxvm
707 539 758 607 M.
784 509 986 607 roscit
1009 538 1252 609 aaronis

454 725 506 774 tus
523 702 682 768 inimicam
702 693 735 767 e}
754 699 990 784 exacerbatam,
1010 722 1074 790 qua
1081 697 1203 789 supra,
1219 721 1312 787 quam
1325 697 1406 766 credi

447 806 566 904 posset,
587 810 781 887 invaluerat,
795 811 891 898 paria
904 810 1046 899 pericula
1069 807 1153 897 ipsos
1176 808 1284 875 iterum
1303 810 1407 875 incur·

445 919 550 1012 suros.
570 922 801 1012 lgiturpropete
820 920 953 1010 reuersus
966 918 1239 1008 docuissenattem,
1254 940 1319 986 non
1333 929 1409 984 tart·¹

454 1048 520 1098 runt
533 1024 703 1116 superiores
720 1030 822 1097 clades
836 1021 869 1094 (t
881 1031 1010 1097 uulnera
1036 1022 1340 1121 Carthaginienſsbus
1358 1025 1411 1092 ui·

456 1139 536 1206 riurn
545 1185 557 1220 ,
577 1159 729 1229 quantum
743 1138 970 1226 imprudentia,
987 1131 1175 1229 detraxiffe:
1188 1159 1225 1201 ac
1231 1157 1326 1224 prope
1337 1126 1411 1223 effe,
1434 1163 1438 1172 ¹

457 1265 493 1315 ut
514 1270 579 1314 non
599 1245 780 1337 infirmiores
800 1273 869 1329 eos,
877 1247 942 1334 sed
954 1246 1135 1335 expertiores
1158 1245 1203 1312 ad
1220 1243 1330 1311 bellum
1348 1235 1413 1326 sa·

459 1355 623 1443 ciendum,
638 1359 834 1426 reddiderint.
853 1359 947 1425 Nunc
968 1379 1039 1424 nero
1062 1356 1154 1424 etiam
1168 1355 1324 1444 proludia
1342 1347 1414 1418 belle·

458 1459 601 1531 Romani
622 1467 740 1555 agitare
755 1467 867 1533 bellum
887 1464 1120 1533 Numidicum:
1135 1487 1243 1551 pacem
1262 1454 1295 1529 le
1304 1456 1415 1546 sadus

455 1593 616 1660 protexere
639 1575 711 1642 belli
733 1600 843 1660 mora,
857 1577 932 1644 dum
953 1577 1212 1665 opportunitatem
1231 1568 1416 1661 exspet‘lant.

508 1683 569 1749 Ad
584 1682 646 1750 ltac
654 1680 759 1770 fertur
779 1685 857 1753 Cato
873 1685 955 1773 ficos
976 1681 1177 1773 Africanas,
1195 1704 1301 1774 rogant
1321 1703 1416 1749 excu-

460 1790 585 1874 tiendo,
604 1793 639 1858 in
655 1794 742 1860 curia
760 1793 902 1885 consulto
912 1789 1075 1888 effudisse:
1088 1818 1216 1884 quorum
1232 1816 1300 1860 cum
1313 1790 1417 1856 admi·

462 1923 603 1971 rorantur
616 1905 865 1995 magnitudinem
886 1900 919 1974 δ’
932 1904 1088 1995 specim,
1108 1897 1220 1996 dixiffe
1240 1926 1331 1985 ιιιιη,
1351 1922 1418 1989 qua

461 2009 523 2080 ltas
531 2007 619 2097 serat
631 2015 742 2096 tellus,
757 2015 853 2085 tridui
863 2013 1064 2106 navigatione
1081 2011 1220 2081 aRomn
1238 2008 1353 2106 distare.
1373 2008 1420 2074 Il-

462 2121 523 2186 lud
537 2145 607 2189 rero
616 2117 690 2205 jam
709 2124 896 2210 uiolentius,
909 2125 1010 2214 quod,
1024 2145 1200 2214 quacunque
1212 2121 1247 2186 de
1266 2144 1295 2184 re
1314 2117 1420 2185 diceret

455 2225 663 2320 sententiam,
672 2230 795 2321 semper
807 2231 864 2299 lroc
876 2231 1033 2300 addiderit
1044 2254 1058 2301 .·
1070 2231 1143 2299 Hoc
1157 2226 1279 2318 censeo,
1296 2219 1329 2293 (e
1344 2225 1422 2291 Car·

465 2328 623 2426 rlraginem
643 2341 813 2408 delendam.
831 2339 947 2426 Contra
962 2341 1002 2407 P.
1022 2340 1155 2429 Scipio,
1172 2334 1289 2430 Nassa
1301 2334 1422 2419 dic‘lus,

462 2466 605 2533 perpetuo
616 2471 675 2536 pro
682 2446 839 2534 sententia
849 2450 988 2518 dicebat:
1003 2447 1134 2538 Censeo,
1150 2444 1363 2535 Carthaginem
1378 2469 1423 2512 re·

467 2557 677 2644 linquendum.
694 2561 801 2627 Multa
823 2561 1008 2645 enim,rr1eo
1023 2556 1167 2642 judicio,
1186 2580 1255 2624 cum
1267 2558 1423 2645 populum

462 2668 651 2757 procacitate
669 2669 783 2736 uideret
794 2672 1025 2755 admittentem,
1041 2663 1075 2738 ἃ
1091 2667 1306 2758 obsecundum
1327 2692 1424 2735 rerum

469 2772 695 2868 eursumatque
702 2776 861 2864 ferociam
867 2780 999 2870 senatui
1017 2781 1123 2848 minus
1139 2778 1220 2849 dic‘lo
1233 2778 1424 2860 audientem,

469 2904 625 2976 totamque
643 2888 862 2978 rempublicam
879 2889 918 2955 ob
933 2887 1068 2955 nimiam
1085 2883 1277 2976 potentiam,
1294 2908 1354 2973 quo
1366 2907 1426 2950 me·

472 3018 508 3067 tu
521 3020 665 3090 tergeret,
675 2997 780 3089 secum
800 2999 835 3068 vi
852 3000 1019 3070 traltenrem
1028 3047 1041 3082 ,
1059 2997 1180 3065 voulut
1194 2996 1275 3097 bunc
1295 3014 1369 3062 certe
1380 2992 1427 3061 ri·

471 3131 584 3177 morem
589 3104 747 3197 prosreno
756 3109 973 3179 moderatorem
986 3107 1186 3176 contumacia
1198 3100 1343 3188 injedum
1351 3106 1430 3172 mul·

385 3244 388 3259 =
473 3217 641 3287 titudinis:
653 3217 761 3286 minus
774 3213 897 3306 censens
909 3221 1023 3306 pollere
1037 3211 1322 3307 Carthaginienses,
1336 3236 1430 3303 quam

473 3347 509 3397 ut
520 3322 671 3416 stupescere
682 3317 802 3417 postru
823 3324 1009 3406 Romanos,
1029 3317 1172 3414 &plum
1191 3347 1283 3412 quam
1303 3341 1339 3388 ur
1357 3343 1432 3386 con·

475 3453 685 3504 temnerentter.
705 3434 748 3502 ld
765 3431 866 3525 ipsum
888 3457 958 3502 vero
979 3433 1093 3501 Catoni
1110 3456 1225 3521 anceps
1240 3429 1360 3519 visrtm,
1381 3432 1434 3494 la·

466 3542 618 3635 sciviertti
633 3544 771 3631 populo,
788 3535 933 3618 &crebro
942 3565 983 3609 ex
995 3540 1120 3611 licentia
1133 3536 1318 3636 offendenti,
1329 3536 1434 3603 urbem

475 3649 652 3742 antiquitus
662 3650 784 3740 quidem
795 3674 946 3742 magnam
953 3698 966 3734 ,
979 3670 1045 3718 turn
1060 3674 1129 3719 vera
1140 3652 1254 3728 etiarn,
1268 3639 1433 3737 quodfra·

477 3760 524 3834 aa
541 3756 608 3858 effer
625 3761 790 3846 arumnis,
800 3760 946 3849 sobriam
965 3759 1142 3827 imminere:
1156 3762 1232 3851 quin
1246 3753 1355 3845 potius
1371 3775 1435 3818 nte·

478 3889 530 3942 tus
542 3893 686 3943 externos
700 3869 820 3960 imperii
839 3863 892 3962 effe
899 3867 999 3960 semel
1011 3866 1252 3958 exscindendos,
1264 3883 1299 3932 ut
1315 3864 1361 3929 ita
1375 3871 1437 3950 op·'

387 3975 390 3984 ’
475 3984 642 4069 portamus
661 3978 813 4082 intestinis
836 3981 931 4050 malis
948 3977 1105 4050 nultudis
1125 3994 1279 4051 uacarent.
1296 3972 1349 4043 lta
1357 3966 1436 4062 sus·
