3509 5084
387 591 542 663 uxxmn
577 546 580 551 ’
612 573 661 639 m.
688 568 896 637 PORCI!
917 569 1173 638 aaronis

385 738 465 805 enim
481 730 628 821 ereptione
641 727 731 808 habet
742 733 855 822 uulgus
866 780 878 814 ,
890 727 928 816 fi
937 757 1040 797 aarum
1061 730 1259 829 ostentatione
1267 761 1344 826 pro·
1387 747 1391 755 ⁴

383 842 572 924 ltibeantur:
595 839 738 941 ostentari
755 861 857 908 autem
869 838 1062 934 superfluis,
1083 867 1148 908 non
1166 837 1353 936 necqffizriis.'

287 966 291 973 ’
386 949 486 1044 Qttod
506 947 630 1042 quidem
649 946 867 1042 philosophum
883 947 1060 1046 ¹Aristonem
1081 947 1174 1032 aiunt
1192 953 1346 1041 pracipuc

384 1062 514 1144 mirari,
526 1061 695 1151 quodem,
709 1057 902 1150 fitpervacua
919 1059 972 1145 qui
978 1055 1148 1150 poffidcnt,
1155 1061 1273 1149 potius·
1283 1061 1345 1127 du·

386 1195 461 1245 eant
480 1173 606 1259 leutos,
621 1199 715 1266 quam
740 1170 831 1253 illos,
851 1169 905 1259 qui
928 1171 1094 1239 abundant
1111 1168 1285 1267 necesariis
1312 1169 1346 1243 Θ

386 1285 531 1356 utilibus.
553 1287 674 1376 Scopas
698 1273 879 1375 Tleefflilus,
894 1303 962 1346 cum
983 1279 1022 1344 ab
1043 1305 1076 1346 eo
1092 1303 1204 1368 peteret
1223 1285 1344 1351 amicus

387 1393 544 1486 quispiam
562 1411 725 1467 remeato,
743 1407 808 1475 quae
820 1410 887 1453 non
903 1388 1074 1455 admodum
1091 1390 1141 1456 illi
1159 1385 1228 1483 eset
1250 1389 1344 1479 usui,

389 1507 573 1591 diceretque,
585 1491 707 1584 niltilse
718 1488 936 1588 necesarium,
947 1499 997 1564 uel
1006 1493 1080 1564 utile
1092 1546 1103 1581 ‚
1112 1521 1226 1587 petere,
1241 1502 1345 1590 Atqui

387 1616 439 1684 Itis
456 1634 531 1702 ego,
550 1606 670 1697 inquit,
688 1605 796 1673 beatus
816 1599 849 1675 le
870 1609 958 1676 diues
970 1605 1045 1697 sum
1064 1609 1230 1678 inutilibus
1243 1606 1343 1699 &su-

381 1722 591 1816 pematancis.
612 1722 665 1788 Ita
689 1721 872 1790 divitiarum
899 1710 1093 1807 admiratio,
1112 1725 1196 1791 nulli
1220 1720 1345 1819 affet'iui

385 1832 590 1924 consentanea
608 1829 768 1918 naturali,
783 1855 823 1900 ex
836 1832 959 1924 vulgari
972 1826 1004 1902 ἃ
1016 1823 1343 1925 εταηςὶαιίιίᾰομὶηἰο-

262 2012 269 2034 ,
371 1967 425 2012 «ιιι
449 1940 695 2009 innotatur„

438 2051 552 2118 Verum
567 2051 718 2118 enimvero
731 2043 911 2145 offertfiones
912 2045 1011 2144 flocci
1015 2046 1142 2137 faciens
1155 2049 1252 2133 Cato,
1264 2048 1345 2114 mul·
1383 2091 1390 2098 -

385 2184 419 2230 to
440 2181 506 2227 erat
517 2156 661 2250 asperior.
677 2163 806 2253 Aquam
821 2160 980 2249 publicam
996 2161 1158 2230 canalibus
1174 2162 1208 2227 in
1215 2159 1346 2250 priuata

387 2266 540 2357 edificia,
558 2289 615 2337 aut
635 2268 737 2336 ltorcos
753 2266 876 2336 duilam
897 2269 1022 2340 ademit.
1036 2271 1160 2338 Evertit
1174 2265 1206 2339 fr
1218 2268 1346 2338 demoli-

386 2377 486 2477 tusesl
500 2401 535 2446 ea
545 2424 558 2461 ,
569 2401 634 2467 qua
645 2378 680 2445 in
687 2377 846 2467 publicum
854 2375 994 2467 projec‘la
1010 2378 1142 2466 edificia
1153 2401 1255 2460 erant,
1270 2402 1347 2443 mer·

387 2489 488 2556 cedent
500 2485 736 2553 redemturarum
748 2485 920 2564 contraxit,
930 2481 1090 2577 ueiligalia
1096 2485 1347 2575 summispretiis
1393 2525 1396 2530 -

386 2596 510 2664 locavit.
523 2593 618 2662 Unde
627 2593 731 2660 odiunt
741 2589 956 2690 arceffluitfibi
964 2596 1093 2686 grande.
1109 2598 1157 2661 At
1167 2594 1234 2661 Titi
1249 2591 1347 2683 Quin·

386 2706 424 2776 tii
433 2702 532 2793 sac‘lio
543 2754 554 2789 ‚
565 2703 695 2772 coitione
706 2725 813 2788 contra
826 2701 989 2792 cumfailc
999 2703 1035 2773 in
1042 2704 1177 2796 senatu,
1184 2702 1346 2794 fitcrorunt
1395 2778 1397 2781 ,

386 2807 626 2904 &publicorum
644 2807 840 2896 adt'ficiorum
856 2833 892 2879 ut
912 2836 977 2879 non
990 2837 1006 2879 e
1017 2813 1170 2901 republica
1179 2809 1286 2898 saihs
1300 2814 1347 2877 lo·

388 2927 527 2995 cationes
536 2923 684 3006 induxit,
701 2922 926 3013 concitauitque
934 2923 1125 2990 tribunorum
1125 2918 1347 3014 seroeifflmos‚

390 3055 426 3103 ut
439 3037 592 3104 Catonem'
601 3035 647 3100 ad
652 3036 806 3124 populum
819 3032 1015 3122 accufhrert't,
1032 3036 1218 3122 multamque
1233 3032 1261 3099 ei
1276 3055 1347 3099 cen-

389 3162 455 3210 tunt
471 3143 585 3232 uiginti
596 3141 733 3207 millium
753 3141 820 3207 aris
832 3142 973 3210 dicerent.
988 3142 1124 3211 Multum
1136 3144 1229 3209 etiarn
1241 3139 1348 3234 obstre-

385 3245 459 3340 puit
476 3250 523 3332 ci,
545 3272 613 3318 cum
631 3244 789 3344 bafilicam
808 3243 947 3337 ficeret,
961 3274 1054 3342 quarn
1068 3252 1204 3339 pecnnia
1219 3249 1349 3339 publica

380 3356 445 3449 sub
459 3353 626 3446 curiosoro
636 3354 813 3445 adjunxim
827 3346 1028 3455 &basilicam
1044 3361 1189 3429 Porciam
1206 3361 1348 3450 appella·

389 3469 446 3539 uit.
457 3469 507 3535 At
518 3491 663 3559 apparet,
677 3465 835 3558 censuram
844 3465 914 3553 ejus
921 3473 1073 3559 populum
1081 3468 1210 3558 mirifice
1217 3459 1349 3554 compro

363 3672 365 3677 .
390 3571 480 3672 bose.
495 3578 653 3668 Siquidem
668 3603 736 3647 cum
744 3601 870 3670 poneret
887 3576 1055 3679 eistatuam
1074 3580 1109 3646 in
1125 3580 1187 3646 ade
1200 3572 1348 3658 Salutis,

390 3713 458 3759 non
486 3690 614 3780 imperia
630 3682 814 3782 inscripsit,
835 3712 891 3757 nec
912 3691 1099 3779 triumphum
1125 3685 1277 3766 Catonis,
1291 3684 1351 3772 sed

391 3799 476 3891 quod
490 3797 705 3887 rempublicam
725 3797 905 3866 Romanam
920 3846 930 3879 ‚
947 3799 994 3867 od
1005 3819 1123 3889 pravos
1141 3783 1238 3861 morri
1251 3794 1348 3862 decli·

392 3929 520 3978 nantem
536 3914 573 3977 a'c
589 3926 776 4000 uergentem,
794 3909 877 3975 bona
891 3906 1058 3997 disciplina
1066 3904 1216 3997 sanisque
1228 3905 1348 4002 institu-

393 4019 435 4082 tis
454 4011 660 4112 &preceptis
679 4014 784 4108 censor
800 4011 990 4112 correxisti„
1011 4015 1212 4108 Quamquam
1230 4010 1263 4085 ὃ*
1285 4012 1348 4105 ipse

422 4178 430 4205 q
1243 4163 1254 4192 Χ
