<?xml version="1.0" encoding="UTF-8"?>
<!DOCTYPE html PUBLIC "-//W3C//DTD XHTML 1.0 Transitional//EN"
    "http://www.w3.org/TR/xhtml1/DTD/xhtml1-transitional.dtd">
<html xmlns="http://www.w3.org/1999/xhtml" xml:lang="en" lang="en">
 <head>
  <title>
</title>
<meta http-equiv="Content-Type" content="text/html;charset=utf-8" />
  <meta name='ocr-system' content='tesseract 3.04.00' />
  <meta name='ocr-capabilities' content='ocr_page ocr_carea ocr_par ocr_line ocrx_word'/>
</head>
<body>
  <div class='ocr_page' id='page_1' title='image "./scriptoresreiru02gesngoog_0348.png"; bbox 0 0 3509 5084; ppageno 0'>
   <div class='ocr_carea' id='block_1_1' title="bbox 238 530 248 615">
    <p class='ocr_par' dir='ltr' id='par_1_1' title="bbox 238 530 248 615">
     <span class='ocr_line' id='line_1_1' title="bbox 238 530 248 615; baseline 0 0"><span class='ocrx_word' id='word_1_1' title='bbox 238 530 248 615; x_wconf 80' lang='lat' dir='ltr'>l</span> 
     </span>
    </p>
   </div>
   <div class='ocr_carea' id='block_1_2' title="bbox 401 562 1216 661">
    <p class='ocr_par' dir='ltr' id='par_1_2' title="bbox 401 562 1216 661">
     <span class='ocr_line' id='line_1_2' title="bbox 401 562 1216 661; baseline -0.009 -15"><span class='ocrx_word' id='word_1_2' title='bbox 401 570 468 661; x_wconf 78' lang='lat'>¹188</span> <span class='ocrx_word' id='word_1_3' title='bbox 552 573 600 644; x_wconf 87' lang='lat' dir='ltr'>M.</span> <span class='ocrx_word' id='word_1_4' title='bbox 625 567 890 643; x_wconf 75' lang='lat' dir='ltr'>Teueuru</span> <span class='ocrx_word' id='word_1_5' title='bbox 914 562 1216 657; x_wconf 78' lang='lat' dir='ltr'>vaunours</span> 
     </span>
    </p>
   </div>
   <div class='ocr_carea' id='block_1_3' title="bbox 395 727 1365 828">
    <p class='ocr_par' dir='ltr' id='par_1_3' title="bbox 395 727 1365 828">
     <span class='ocr_line' id='line_1_3' title="bbox 395 727 1365 828; baseline -0.004 -24"><span class='ocrx_word' id='word_1_6' title='bbox 395 733 505 820; x_wconf 85' lang='lat' dir='ltr'>latur,</span> <span class='ocrx_word' id='word_1_7' title='bbox 519 729 637 828; x_wconf 81' lang='lat' dir='ltr'>quiqui</span> <span class='ocrx_word' id='word_1_8' title='bbox 655 729 810 803; x_wconf 84' lang='lat' dir='ltr'>admittit.</span> <span class='ocrx_word' id='word_1_9' title='bbox 829 752 872 799; x_wconf 94' lang='lat' dir='ltr'>eo</span> <span class='ocrx_word' id='word_1_10' title='bbox 889 728 978 801; x_wconf 90' lang='lat' dir='ltr'>enirn</span> <span class='ocrx_word' id='word_1_11' title='bbox 997 727 1166 820; x_wconf 83' lang='lat' dir='ltr'>adjurante</span> <span class='ocrx_word' id='word_1_12' title='bbox 1185 753 1281 824; x_wconf 80' lang='lat' dir='ltr'>equae</span> <span class='ocrx_word' id='word_1_13' title='bbox 1306 729 1365 800; x_wconf 81' lang='lat' dir='ltr'>al··</span> 
     </span>
    </p>
   </div>
   <div class='ocr_carea' id='block_1_4' title="bbox 255 836 1362 1047">
    <p class='ocr_par' dir='ltr' id='par_1_4' title="bbox 255 836 1362 1047">
     <span class='ocr_line' id='line_1_4' title="bbox 255 836 1362 940; baseline -0.004 -25"><span class='ocrx_word' id='word_1_14' title='bbox 255 836 267 854; x_wconf 57' lang='lat'>⁸</span> <span class='ocrx_word' id='word_1_15' title='bbox 394 842 503 940; x_wconf 80' lang='lat' dir='ltr'>ligatae</span> <span class='ocrx_word' id='word_1_16' title='bbox 522 839 662 913; x_wconf 88' lang='lat' dir='ltr'>celerius</span> <span class='ocrx_word' id='word_1_17' title='bbox 682 837 1047 934; x_wconf 78' lang='lat' dir='ltr'>admittuntur,neque</span> <span class='ocrx_word' id='word_1_18' title='bbox 1058 838 1135 934; x_wconf 92' lang='lat' dir='ltr'>equi</span> <span class='ocrx_word' id='word_1_19' title='bbox 1156 837 1278 910; x_wconf 86' lang='lat' dir='ltr'>frustra</span> <span class='ocrx_word' id='word_1_20' title='bbox 1293 866 1362 912; x_wconf 90' lang='lat' dir='ltr'>cu·</span> 
     </span>
     <span class='ocr_line' id='line_1_5' title="bbox 285 947 1361 1047; baseline 0 -25"><span class='ocrx_word' id='word_1_21' title='bbox 285 968 288 979; x_wconf 92' lang='grc'><strong><em>·</em></strong></span> <span class='ocrx_word' id='word_1_22' title='bbox 393 950 533 1047; x_wconf 85' lang='lat' dir='ltr'>piditate</span> <span class='ocrx_word' id='word_1_23' title='bbox 551 947 683 1045; x_wconf 85' lang='lat' dir='ltr'>impulsr</span> <span class='ocrx_word' id='word_1_24' title='bbox 708 947 817 1020; x_wconf 88' lang='lat' dir='ltr'>semen</span> <span class='ocrx_word' id='word_1_25' title='bbox 838 947 987 1042; x_wconf 83' lang='lat' dir='ltr'>ejiciunt.</span> <span class='ocrx_word' id='word_1_26' title='bbox 1000 947 1127 1040; x_wconf 88' lang='lat' dir='ltr'>Quoad</span> <span class='ocrx_word' id='word_1_27' title='bbox 1144 947 1218 1020; x_wconf 86' lang='lat' dir='ltr'>saris</span> <span class='ocrx_word' id='word_1_28' title='bbox 1239 949 1277 1019; x_wconf 86' lang='lat' dir='ltr'>srr</span> <span class='ocrx_word' id='word_1_29' title='bbox 1294 951 1361 1022; x_wconf 91' lang='lat' dir='ltr'>ad·</span> 
     </span>
    </p>
   </div>
   <div class='ocr_carea' id='block_1_5' title="bbox 387 1049 1359 2565">
    <p class='ocr_par' dir='ltr' id='par_1_5' title="bbox 387 1049 1359 2565">
     <span class='ocr_line' id='line_1_6' title="bbox 391 1049 1359 1153; baseline -0.002 -23"><span class='ocrx_word' id='word_1_30' title='bbox 391 1058 481 1130; x_wconf 88' lang='lat' dir='ltr'>mitri</span> <span class='ocrx_word' id='word_1_31' title='bbox 494 1111 506 1147; x_wconf 91' lang='lat'>,</span> <span class='ocrx_word' id='word_1_32' title='bbox 521 1056 600 1153; x_wconf 81' lang='lat' dir='ltr'>ipsae</span> <span class='ocrx_word' id='word_1_33' title='bbox 623 1052 828 1153; x_wconf 78' lang='lat' dir='ltr'>significant,</span> <span class='ocrx_word' id='word_1_34' title='bbox 841 1055 935 1152; x_wconf 93' lang='lat' dir='ltr'>quod</span> <span class='ocrx_word' id='word_1_35' title='bbox 950 1054 982 1128; x_wconf 94' lang='lat' dir='ltr'>se</span> <span class='ocrx_word' id='word_1_36' title='bbox 996 1049 1189 1126; x_wconf 83' lang='lat' dir='ltr'>defendunr&#39;.</span> <span class='ocrx_word' id='word_1_37' title='bbox 1210 1054 1245 1125; x_wconf 89' lang='lat' dir='ltr'>Si</span> <span class='ocrx_word' id='word_1_38' title='bbox 1261 1054 1359 1128; x_wconf 87' lang='lat' dir='ltr'>falli·</span> 
     </span>
     <span class='ocr_line' id='line_1_7' title="bbox 393 1163 1357 1254; baseline -0.004 -14"><span class='ocrx_word' id='word_1_39' title='bbox 393 1167 488 1241; x_wconf 89' lang='lat' dir='ltr'>diurn</span> <span class='ocrx_word' id='word_1_40' title='bbox 509 1165 646 1239; x_wconf 91' lang='lat' dir='ltr'>saliendi</span> <span class='ocrx_word' id='word_1_41' title='bbox 671 1164 741 1254; x_wconf 83' lang='lat' dir='ltr'>eli,</span> <span class='ocrx_word' id='word_1_42' title='bbox 763 1163 863 1236; x_wconf 82' lang='lat' dir='ltr'>scillae</span> <span class='ocrx_word' id='word_1_43' title='bbox 892 1163 1041 1236; x_wconf 87' lang='lat' dir='ltr'>medium</span> <span class='ocrx_word' id='word_1_44' title='bbox 1066 1180 1249 1236; x_wconf 86' lang='lat' dir='ltr'>conterunt</span> <span class='ocrx_word' id='word_1_45' title='bbox 1273 1189 1357 1236; x_wconf 89' lang='lat' dir='ltr'>curn</span> 
     </span>
     <span class='ocr_line' id='line_1_8' title="bbox 392 1275 1358 1377; baseline -0.002 -25"><span class='ocrx_word' id='word_1_46' title='bbox 392 1305 478 1377; x_wconf 88' lang='lat' dir='ltr'>aqua</span> <span class='ocrx_word' id='word_1_47' title='bbox 499 1280 539 1351; x_wconf 94' lang='lat' dir='ltr'>ad</span> <span class='ocrx_word' id='word_1_48' title='bbox 560 1278 668 1351; x_wconf 87' lang='lat' dir='ltr'>mellis</span> <span class='ocrx_word' id='word_1_49' title='bbox 688 1275 958 1350; x_wconf 85' lang='lat' dir='ltr'>craffitudinem:</span> <span class='ocrx_word' id='word_1_50' title='bbox 978 1292 1049 1346; x_wconf 89' lang='lat' dir='ltr'>tum</span> <span class='ocrx_word' id='word_1_51' title='bbox 1073 1299 1110 1347; x_wconf 93' lang='lat' dir='ltr'>ea</span> <span class='ocrx_word' id='word_1_52' title='bbox 1137 1299 1173 1347; x_wconf 87' lang='lat' dir='ltr'>re</span> <span class='ocrx_word' id='word_1_53' title='bbox 1200 1284 1358 1350; x_wconf 87' lang='lat' dir='ltr'>naturam</span> 
     </span>
     <span class='ocr_line' id='line_1_9' title="bbox 391 1384 1358 1488; baseline -0.005 -25"><span class='ocrx_word' id='word_1_54' title='bbox 391 1416 513 1488; x_wconf 77' lang='lat' dir='ltr'>equae,</span> <span class='ocrx_word' id='word_1_55' title='bbox 528 1416 607 1464; x_wconf 87' lang='lat' dir='ltr'>curn</span> <span class='ocrx_word' id='word_1_56' title='bbox 620 1388 747 1463; x_wconf 89' lang='lat' dir='ltr'>menses</span> <span class='ocrx_word' id='word_1_57' title='bbox 759 1384 872 1461; x_wconf 88' lang='lat' dir='ltr'>ferunt</span> <span class='ocrx_word' id='word_1_58' title='bbox 886 1441 897 1474; x_wconf 92' lang='lat'>,</span> <span class='ocrx_word' id='word_1_59' title='bbox 911 1404 1072 1484; x_wconf 88' lang='lat' dir='ltr'>tangunt;</span> <span class='ocrx_word' id='word_1_60' title='bbox 1090 1403 1227 1472; x_wconf 83' lang='lat' dir='ltr'>contra,</span> <span class='ocrx_word' id='word_1_61' title='bbox 1240 1387 1282 1458; x_wconf 89' lang='lat' dir='ltr'>ab</span> <span class='ocrx_word' id='word_1_62' title='bbox 1297 1390 1358 1458; x_wconf 88' lang='lat' dir='ltr'>lo-</span> 
     </span>
     <span class='ocr_line' id='line_1_10' title="bbox 391 1489 1357 1592; baseline -0.006 -23"><span class='ocrx_word' id='word_1_63' title='bbox 391 1495 441 1569; x_wconf 85' lang='lat' dir='ltr'>cis</span> <span class='ocrx_word' id='word_1_64' title='bbox 461 1520 556 1590; x_wconf 83' lang='lat' dir='ltr'>equae</span> <span class='ocrx_word' id='word_1_65' title='bbox 579 1518 672 1567; x_wconf 85' lang='lat' dir='ltr'>nares</span> <span class='ocrx_word' id='word_1_66' title='bbox 692 1493 772 1592; x_wconf 90' lang='lat' dir='ltr'>equi</span> <span class='ocrx_word' id='word_1_67' title='bbox 793 1508 946 1589; x_wconf 88' lang='lat' dir='ltr'>tangunt.</span> <span class='ocrx_word' id='word_1_68' title='bbox 963 1489 1109 1564; x_wconf 88' lang='lat' dir='ltr'>Tametsr</span> <span class='ocrx_word' id='word_1_69' title='bbox 1128 1489 1357 1582; x_wconf 71' lang='lat' dir='ltr'>incredibile,&#39;</span> 
     </span>
     <span class='ocr_line' id='line_1_11' title="bbox 389 1598 1357 1701; baseline -0.001 -27"><span class='ocrx_word' id='word_1_70' title='bbox 389 1606 485 1701; x_wconf 88' lang='lat' dir='ltr'>quod</span> <span class='ocrx_word' id='word_1_71' title='bbox 504 1605 564 1676; x_wconf 91' lang='lat' dir='ltr'>usu</span> <span class='ocrx_word' id='word_1_72' title='bbox 583 1604 698 1691; x_wconf 88' lang='lat' dir='ltr'>venit,</span> <span class='ocrx_word' id='word_1_73' title='bbox 711 1600 885 1675; x_wconf 79' lang='lat' dir='ltr'>memoriae</span> <span class='ocrx_word' id='word_1_74' title='bbox 899 1598 1137 1670; x_wconf 85' lang='lat' dir='ltr'>mandandum.</span> <span class='ocrx_word' id='word_1_75' title='bbox 1154 1622 1231 1672; x_wconf 85' lang='lat' dir='ltr'>curn</span> <span class='ocrx_word' id='word_1_76' title='bbox 1244 1624 1357 1697; x_wconf 83' lang='lat' dir='ltr'>equus</span> 
     </span>
     <span class='ocr_line' id='line_1_12' title="bbox 390 1706 1358 1806; baseline -0.005 -20"><span class='ocrx_word' id='word_1_77' title='bbox 390 1734 531 1786; x_wconf 83' lang='lat' dir='ltr'>matrem</span> <span class='ocrx_word' id='word_1_78' title='bbox 555 1728 592 1783; x_wconf 89' lang='lat' dir='ltr'>ut</span> <span class='ocrx_word' id='word_1_79' title='bbox 606 1709 715 1782; x_wconf 84' lang='lat' dir='ltr'>saliret</span> <span class='ocrx_word' id='word_1_80' title='bbox 736 1709 854 1785; x_wconf 86' lang='lat' dir='ltr'>adduci</span> <span class='ocrx_word' id='word_1_81' title='bbox 870 1731 942 1782; x_wconf 91' lang='lat' dir='ltr'>non</span> <span class='ocrx_word' id='word_1_82' title='bbox 956 1706 1081 1804; x_wconf 76' lang='lat' dir='ltr'>pollet,</span> <span class='ocrx_word' id='word_1_83' title='bbox 1095 1709 1133 1780; x_wconf 91' lang='lat'><strong>&amp;</strong></span> <span class='ocrx_word' id='word_1_84' title='bbox 1151 1733 1225 1779; x_wconf 88' lang='lat' dir='ltr'>eum</span> <span class='ocrx_word' id='word_1_85' title='bbox 1245 1709 1358 1806; x_wconf 86' lang='lat' dir='ltr'>capite</span> 
     </span>
     <span class='ocr_line' id='line_1_13' title="bbox 390 1816 1356 1917; baseline -0.002 -24"><span class='ocrx_word' id='word_1_86' title='bbox 390 1821 565 1893; x_wconf 89' lang='lat' dir='ltr'>obvoluto</span> <span class='ocrx_word' id='word_1_87' title='bbox 587 1819 742 1917; x_wconf 85' lang='lat' dir='ltr'>peroriga</span> <span class='ocrx_word' id='word_1_88' title='bbox 763 1817 965 1903; x_wconf 82' lang='lat' dir='ltr'>adduxisset,</span> <span class='ocrx_word' id='word_1_89' title='bbox 980 1816 1188 1914; x_wconf 80' lang='lat' dir='ltr'>&amp;coegisset</span> <span class='ocrx_word' id='word_1_90' title='bbox 1209 1835 1356 1892; x_wconf 84' lang='lat' dir='ltr'>matrem</span> 
     </span>
     <span class='ocr_line' id='line_1_14' title="bbox 389 1925 1356 2019; baseline 0.001 -19"><span class='ocrx_word' id='word_1_91' title='bbox 389 1927 476 2003; x_wconf 89' lang='lat' dir='ltr'>inire</span> <span class='ocrx_word' id='word_1_92' title='bbox 490 1983 502 2019; x_wconf 92' lang='lat'>,</span> <span class='ocrx_word' id='word_1_93' title='bbox 521 1955 598 2002; x_wconf 85' lang='lat' dir='ltr'>curn</span> <span class='ocrx_word' id='word_1_94' title='bbox 612 1925 824 2000; x_wconf 86' lang='lat' dir='ltr'>descendenti</span> <span class='ocrx_word' id='word_1_95' title='bbox 837 1925 1001 1999; x_wconf 83' lang='lat' dir='ltr'>demsislet</span> <span class='ocrx_word' id='word_1_96' title='bbox 1012 1926 1054 1998; x_wconf 93' lang='lat' dir='ltr'>ab</span> <span class='ocrx_word' id='word_1_97' title='bbox 1066 1927 1196 2014; x_wconf 86' lang='lat' dir='ltr'>oculis,</span> <span class='ocrx_word' id='word_1_98' title='bbox 1216 1927 1274 2000; x_wconf 92' lang='lat' dir='ltr'>ille</span> <span class='ocrx_word' id='word_1_99' title='bbox 1286 1928 1356 2001; x_wconf 88' lang='lat' dir='ltr'>im-</span> 
     </span>
     <span class='ocr_line' id='line_1_15' title="bbox 389 2032 1356 2133; baseline 0.007 -26"><span class='ocrx_word' id='word_1_100' title='bbox 389 2055 506 2133; x_wconf 89' lang='lat' dir='ltr'>petum</span> <span class='ocrx_word' id='word_1_101' title='bbox 529 2037 608 2109; x_wconf 89' lang='lat' dir='ltr'>secit</span> <span class='ocrx_word' id='word_1_102' title='bbox 627 2032 666 2108; x_wconf 88' lang='lat' dir='ltr'>ln</span> <span class='ocrx_word' id='word_1_103' title='bbox 686 2060 785 2122; x_wconf 86' lang='lat' dir='ltr'>eum,</span> <span class='ocrx_word' id='word_1_104' title='bbox 808 2060 848 2108; x_wconf 89' lang='lat' dir='ltr'>ac</span> <span class='ocrx_word' id='word_1_105' title='bbox 865 2035 1039 2108; x_wconf 89' lang='lat' dir='ltr'>mordicus</span> <span class='ocrx_word' id='word_1_106' title='bbox 1058 2035 1238 2111; x_wconf 83' lang='lat' dir='ltr'>interfecit.</span> <span class='ocrx_word' id='word_1_107' title='bbox 1262 2039 1356 2114; x_wconf 84' lang='lat' dir='ltr'>cun</span> 
     </span>
     <span class='ocr_line' id='line_1_16' title="bbox 389 2141 1357 2242; baseline 0.003 -25"><span class='ocrx_word' id='word_1_108' title='bbox 389 2161 625 2240; x_wconf 89' lang='lat' dir='ltr'>conceperunt</span> <span class='ocrx_word' id='word_1_109' title='bbox 636 2167 750 2239; x_wconf 80' lang='lat' dir='ltr'>equae,</span> <span class='ocrx_word' id='word_1_110' title='bbox 764 2141 971 2231; x_wconf 87' lang='lat' dir='ltr'>videndum,</span> <span class='ocrx_word' id='word_1_111' title='bbox 986 2167 1029 2217; x_wconf 93' lang='lat' dir='ltr'>ne</span> <span class='ocrx_word' id='word_1_112' title='bbox 1040 2160 1096 2216; x_wconf 85' lang='lat' dir='ltr'>aut</span> <span class='ocrx_word' id='word_1_113' title='bbox 1106 2145 1265 2218; x_wconf 85' lang='lat' dir='ltr'>laborent</span> <span class='ocrx_word' id='word_1_114' title='bbox 1278 2146 1357 2242; x_wconf 58' lang='lat' dir='ltr'>plu·</span> 
     </span>
     <span class='ocr_line' id='line_1_17' title="bbox 389 2252 1356 2354; baseline 0.003 -28"><span class='ocrx_word' id='word_1_115' title='bbox 389 2253 541 2342; x_wconf 85' lang='lat' dir='ltr'>sculum,</span> <span class='ocrx_word' id='word_1_116' title='bbox 563 2271 620 2325; x_wconf 92' lang='lat' dir='ltr'>aut</span> <span class='ocrx_word' id='word_1_117' title='bbox 638 2278 680 2326; x_wconf 92' lang='lat' dir='ltr'>ne</span> <span class='ocrx_word' id='word_1_118' title='bbox 701 2252 831 2350; x_wconf 85' lang='lat' dir='ltr'>frigidis</span> <span class='ocrx_word' id='word_1_119' title='bbox 848 2252 934 2324; x_wconf 90' lang='lat' dir='ltr'>locis</span> <span class='ocrx_word' id='word_1_120' title='bbox 948 2254 1032 2340; x_wconf 76' lang='lat' dir='ltr'>sint,</span> <span class='ocrx_word' id='word_1_121' title='bbox 1046 2255 1140 2350; x_wconf 91' lang='lat' dir='ltr'>quod</span> <span class='ocrx_word' id='word_1_122' title='bbox 1160 2255 1258 2354; x_wconf 86' lang='lat' dir='ltr'>algor</span> <span class='ocrx_word' id='word_1_123' title='bbox 1278 2282 1356 2329; x_wconf 84' lang='lat' dir='ltr'>rna-</span> 
     </span>
     <span class='ocr_line' id='line_1_18' title="bbox 387 2360 1356 2458; baseline 0.004 -24"><span class='ocrx_word' id='word_1_124' title='bbox 387 2362 480 2434; x_wconf 76' lang='lat' dir='ltr'>xime</span> <span class='ocrx_word' id='word_1_125' title='bbox 499 2360 750 2458; x_wconf 72' lang='lat' dir='ltr'>pregnantibus</span> <span class='ocrx_word' id='word_1_126' title='bbox 768 2360 873 2431; x_wconf 89' lang='lat' dir='ltr'>obell.</span> <span class='ocrx_word' id='word_1_127' title='bbox 888 2363 1005 2455; x_wconf 87' lang='lat' dir='ltr'>ltaque</span> <span class='ocrx_word' id='word_1_128' title='bbox 1023 2361 1213 2436; x_wconf 70' lang='lat' dir='ltr'>iri-‘stabulis</span> <span class='ocrx_word' id='word_1_129' title='bbox 1227 2365 1272 2436; x_wconf 88' lang='lat' dir='ltr'>ab</span> <span class='ocrx_word' id='word_1_130' title='bbox 1287 2367 1356 2438; x_wconf 91' lang='lat' dir='ltr'>hu·</span> 
     </span>
     <span class='ocr_line' id='line_1_19' title="bbox 387 2469 1356 2565; baseline 0.005 -23"><span class='ocrx_word' id='word_1_131' title='bbox 387 2494 486 2542; x_wconf 83' lang='lat' dir='ltr'>more</span> <span class='ocrx_word' id='word_1_132' title='bbox 514 2469 693 2565; x_wconf 88' lang='lat' dir='ltr'>prohibere</span> <span class='ocrx_word' id='word_1_133' title='bbox 719 2486 860 2563; x_wconf 88' lang='lat' dir='ltr'>oportet</span> <span class='ocrx_word' id='word_1_134' title='bbox 892 2469 1061 2555; x_wconf 83' lang='lat' dir='ltr'>humum,</span> <span class='ocrx_word' id='word_1_135' title='bbox 1089 2470 1199 2542; x_wconf 86' lang='lat' dir='ltr'>clausa</span> <span class='ocrx_word' id='word_1_136' title='bbox 1227 2473 1356 2547; x_wconf 88' lang='lat' dir='ltr'>habere</span> 
     </span>
    </p>
   </div>
   <div class='ocr_carea' id='block_1_6' title="bbox 283 2575 1358 2891">
    <p class='ocr_par' dir='ltr' id='par_1_6' title="bbox 283 2575 1358 2891">
     <span class='ocr_line' id='line_1_20' title="bbox 377 2575 1356 2676; baseline 0.006 -28"><span class='ocrx_word' id='word_1_137' title='bbox 377 2577 493 2662; x_wconf 85' lang='lat' dir='ltr'>ostia,</span> <span class='ocrx_word' id='word_1_138' title='bbox 513 2601 553 2648; x_wconf 88' lang='lat' dir='ltr'>ac</span> <span class='ocrx_word' id='word_1_139' title='bbox 577 2575 760 2663; x_wconf 83' lang='lat' dir='ltr'>fenestras,</span> <span class='ocrx_word' id='word_1_140' title='bbox 775 2579 814 2650; x_wconf 91' lang='lat'><strong>&amp;</strong></span> <span class='ocrx_word' id='word_1_141' title='bbox 838 2575 927 2647; x_wconf 90' lang='lat' dir='ltr'>inter</span> <span class='ocrx_word' id='word_1_142' title='bbox 947 2577 1087 2674; x_wconf 75' lang='lat' dir='ltr'>singulas</span> <span class='ocrx_word' id='word_1_143' title='bbox 1105 2603 1124 2650; x_wconf 86' lang='lat' dir='ltr'>a</span> <span class='ocrx_word' id='word_1_144' title='bbox 1150 2579 1356 2676; x_wconf 82' lang='lat' dir='ltr'>praesepibus</span> 
     </span>
     <span class='ocr_line' id='line_1_21' title="bbox 283 2680 1357 2779; baseline 0.003 -23"><span class='ocrx_word' id='word_1_145' title='bbox 283 2716 287 2721; x_wconf 94' lang='lat'>·</span> <span class='ocrx_word' id='word_1_146' title='bbox 386 2680 577 2777; x_wconf 84' lang='lat' dir='ltr'>interjicere</span> <span class='ocrx_word' id='word_1_147' title='bbox 603 2683 800 2779; x_wconf 78' lang='lat' dir='ltr'>longurios,</span> <span class='ocrx_word' id='word_1_148' title='bbox 815 2682 874 2778; x_wconf 90' lang='lat' dir='ltr'>qui</span> <span class='ocrx_word' id='word_1_149' title='bbox 893 2707 948 2753; x_wconf 90' lang='lat' dir='ltr'>eas</span> <span class='ocrx_word' id='word_1_150' title='bbox 971 2682 1181 2769; x_wconf 83' lang='lat' dir='ltr'>discernant,</span> <span class='ocrx_word' id='word_1_151' title='bbox 1196 2711 1239 2758; x_wconf 92' lang='lat' dir='ltr'>ne</span> <span class='ocrx_word' id='word_1_152' title='bbox 1263 2687 1357 2759; x_wconf 90' lang='lat' dir='ltr'>inter</span> 
     </span>
     <span class='ocr_line' id='line_1_22' title="bbox 318 2790 1358 2891; baseline 0.005 -30"><span class='ocrx_word' id='word_1_153' title='bbox 318 2818 321 2826; x_wconf 90' lang='lat'>·</span> <span class='ocrx_word' id='word_1_154' title='bbox 388 2790 421 2862; x_wconf 94' lang='lat' dir='ltr'>se</span> <span class='ocrx_word' id='word_1_155' title='bbox 442 2815 585 2890; x_wconf 86' lang='lat' dir='ltr'>pugnare</span> <span class='ocrx_word' id='word_1_156' title='bbox 602 2791 736 2888; x_wconf 86' lang='lat' dir='ltr'>poffinr.</span> <span class='ocrx_word' id='word_1_157' title='bbox 753 2792 983 2886; x_wconf 81' lang='lat' dir='ltr'>Praegnantem</span> <span class='ocrx_word' id='word_1_158' title='bbox 1006 2816 1117 2890; x_wconf 89' lang='lat' dir='ltr'>neque</span> <span class='ocrx_word' id='word_1_159' title='bbox 1137 2793 1276 2891; x_wconf 89' lang='lat' dir='ltr'>implere</span> <span class='ocrx_word' id='word_1_160' title='bbox 1298 2793 1358 2875; x_wconf 81' lang='lat' dir='ltr'>ci·;</span> 
     </span>
    </p>
   </div>
   <div class='ocr_carea' id='block_1_7' title="bbox 387 2898 1356 3001">
    <p class='ocr_par' dir='ltr' id='par_1_7' title="bbox 387 2898 1356 3001">
     <span class='ocr_line' id='line_1_23' title="bbox 387 2898 1356 3001; baseline 0 -29"><span class='ocrx_word' id='word_1_161' title='bbox 387 2901 435 2972; x_wconf 86' lang='lat' dir='ltr'>ho</span> <span class='ocrx_word' id='word_1_162' title='bbox 445 2953 456 2988; x_wconf 93' lang='lat'><strong><em>‚</em></strong></span> <span class='ocrx_word' id='word_1_163' title='bbox 466 2924 581 3001; x_wconf 30' lang='lat' dir='ltr'>‘neque</span> <span class='ocrx_word' id='word_1_164' title='bbox 599 2899 722 2987; x_wconf 57' lang='lat' dir='ltr'>esurire</span> <span class='ocrx_word' id='word_1_165' title='bbox 738 2917 889 2994; x_wconf 85' lang='lat' dir='ltr'>oportet.</span> <span class='ocrx_word' id='word_1_166' title='bbox 903 2898 1052 2971; x_wconf 84' lang='lat' dir='ltr'>&#39;Alternis</span> <span class='ocrx_word' id='word_1_167' title='bbox 1067 2899 1125 2995; x_wconf 89' lang='lat' dir='ltr'>qui</span> <span class='ocrx_word' id='word_1_168' title='bbox 1141 2899 1356 2994; x_wconf 85' lang='lat' dir='ltr'>admittunt,</span> 
     </span>
    </p>
   </div>
   <div class='ocr_carea' id='block_1_8' title="bbox 265 3003 1355 3111">
    <p class='ocr_par' dir='ltr' id='par_1_8' title="bbox 265 3003 1355 3111">
     <span class='ocr_line' id='line_1_24' title="bbox 265 3003 1355 3111; baseline 0.003 -33"><span class='ocrx_word' id='word_1_169' title='bbox 265 3102 268 3111; x_wconf 86' lang='lat'>.</span> <span class='ocrx_word' id='word_1_170' title='bbox 386 3007 616 3080; x_wconf 88' lang='lat' dir='ltr'>diuturniores</span> <span class='ocrx_word' id='word_1_171' title='bbox 631 3032 755 3104; x_wconf 88' lang='lat' dir='ltr'>equos,</span> <span class='ocrx_word' id='word_1_172' title='bbox 770 3008 809 3080; x_wconf 77' lang='grc' dir='ltr'>δι</span> <span class='ocrx_word' id='word_1_173' title='bbox 823 3006 982 3079; x_wconf 82' lang='lat' dir='ltr'>meliores</span> <span class='ocrx_word' id='word_1_174' title='bbox 992 3006 1104 3102; x_wconf 88' lang='lat' dir='ltr'>pullos</span> <span class='ocrx_word' id='word_1_175' title='bbox 1121 3003 1194 3078; x_wconf 83' lang='lat' dir='ltr'>lieri</span> <span class='ocrx_word' id='word_1_176' title='bbox 1208 3008 1355 3098; x_wconf 87' lang='lat' dir='ltr'>dieunt,</span> 
     </span>
    </p>
   </div>
   <div class='ocr_carea' id='block_1_9' title="bbox 384 3115 1355 3972">
    <p class='ocr_par' dir='ltr' id='par_1_9' title="bbox 384 3115 1355 3972">
     <span class='ocr_line' id='line_1_25' title="bbox 384 3115 1355 3212; baseline 0.001 -21"><span class='ocrx_word' id='word_1_177' title='bbox 384 3119 498 3212; x_wconf 81' lang='lat' dir='ltr'>iraque</span> <span class='ocrx_word' id='word_1_178' title='bbox 526 3134 564 3187; x_wconf 88' lang='lat' dir='ltr'>ut</span> <span class='ocrx_word' id='word_1_179' title='bbox 589 3117 750 3188; x_wconf 89' lang='lat' dir='ltr'>restibiles</span> <span class='ocrx_word' id='word_1_180' title='bbox 775 3115 898 3212; x_wconf 85' lang='lat' dir='ltr'>segetes</span> <span class='ocrx_word' id='word_1_181' title='bbox 926 3116 1030 3189; x_wconf 81' lang='lat' dir='ltr'>essent</span> <span class='ocrx_word' id='word_1_182' title='bbox 1050 3115 1280 3206; x_wconf 76' lang='lat' dir='ltr'>exsuffiores,</span> <span class='ocrx_word' id='word_1_183' title='bbox 1304 3119 1355 3192; x_wconf 85' lang='lat' dir='ltr'>fic</span> 
     </span>
     <span class='ocr_line' id='line_1_26' title="bbox 384 3223 1354 3323; baseline 0.003 -25"><span class='ocrx_word' id='word_1_184' title='bbox 384 3225 567 3323; x_wconf 83' lang='lat' dir='ltr'>quotannis</span> <span class='ocrx_word' id='word_1_185' title='bbox 580 3250 656 3323; x_wconf 79' lang='lat' dir='ltr'>quae</span> <span class='ocrx_word' id='word_1_186' title='bbox 668 3245 872 3323; x_wconf 74' lang='lat' dir='ltr'>pregnantes</span> <span class='ocrx_word' id='word_1_187' title='bbox 885 3223 977 3300; x_wconf 86' lang='lat' dir='ltr'>fiant.</span> <span class='ocrx_word' id='word_1_188' title='bbox 989 3231 1027 3298; x_wconf 92' lang='lat' dir='ltr'>In</span> <span class='ocrx_word' id='word_1_189' title='bbox 1041 3228 1154 3301; x_wconf 88' lang='lat' dir='ltr'>decem</span> <span class='ocrx_word' id='word_1_190' title='bbox 1170 3228 1289 3301; x_wconf 86' lang='lat' dir='ltr'>diebus</span> <span class='ocrx_word' id='word_1_191' title='bbox 1302 3230 1354 3302; x_wconf 84' lang='lat' dir='ltr'>se·</span> 
     </span>
     <span class='ocr_line' id='line_1_27' title="bbox 385 3324 1354 3434; baseline 0.005 -24"><span class='ocrx_word' id='word_1_192' title='bbox 385 3335 534 3410; x_wconf 86' lang='lat' dir='ltr'>cundum</span> <span class='ocrx_word' id='word_1_193' title='bbox 558 3324 690 3432; x_wconf 83' lang='lat' dir='ltr'>partum</span> <span class='ocrx_word' id='word_1_194' title='bbox 711 3361 788 3410; x_wconf 87' lang='lat' dir='ltr'>curn</span> <span class='ocrx_word' id='word_1_195' title='bbox 805 3336 969 3408; x_wconf 88' lang='lat' dir='ltr'>matribus</span> <span class='ocrx_word' id='word_1_196' title='bbox 988 3336 1023 3409; x_wconf 90' lang='lat' dir='ltr'>in</span> <span class='ocrx_word' id='word_1_197' title='bbox 1043 3338 1204 3434; x_wconf 87' lang='lat' dir='ltr'>pabulum</span> <span class='ocrx_word' id='word_1_198' title='bbox 1227 3341 1354 3434; x_wconf 80' lang='lat' dir='ltr'>prodi·¹</span> 
     </span>
     <span class='ocr_line' id='line_1_28' title="bbox 385 3445 1355 3549; baseline 0.001 -34"><span class='ocrx_word' id='word_1_199' title='bbox 385 3445 543 3541; x_wconf 90' lang='lat' dir='ltr'>gendum.</span> <span class='ocrx_word' id='word_1_200' title='bbox 569 3447 623 3517; x_wconf 93' lang='lat' dir='ltr'>Ne</span> <span class='ocrx_word' id='word_1_201' title='bbox 642 3445 973 3549; x_wconf 24' lang='lat' dir='ltr'>ungulasflcornburat</span> <span class='ocrx_word' id='word_1_202' title='bbox 985 3445 1130 3536; x_wconf 83' lang='lat' dir='ltr'>stercus,</span> <span class='ocrx_word' id='word_1_203' title='bbox 1148 3450 1355 3521; x_wconf 87' lang='lat' dir='ltr'>cavendum.</span> 
     </span>
     <span class='ocr_line' id='line_1_29' title="bbox 384 3556 1354 3654; baseline 0.011 -29"><span class='ocrx_word' id='word_1_204' title='bbox 384 3556 724 3654; x_wconf 81' lang='lat' dir='ltr'>Quinquentellribus</span> <span class='ocrx_word' id='word_1_205' title='bbox 749 3557 850 3653; x_wconf 87' lang='lat' dir='ltr'>pullis</span> <span class='ocrx_word' id='word_1_206' title='bbox 862 3556 954 3630; x_wconf 76' lang='lat' dir='ltr'>fanis</span> <span class='ocrx_word' id='word_1_207' title='bbox 967 3612 979 3645; x_wconf 93' lang='lat'><strong>,</strong></span> <span class='ocrx_word' id='word_1_208' title='bbox 993 3583 1071 3632; x_wconf 87' lang='lat' dir='ltr'>curn</span> <span class='ocrx_word' id='word_1_209' title='bbox 1087 3560 1211 3632; x_wconf 73' lang='lat' dir='ltr'>redasli</span> <span class='ocrx_word' id='word_1_210' title='bbox 1225 3559 1354 3636; x_wconf 83' lang='lat' dir='ltr'>suntin</span> 
     </span>
     <span class='ocr_line' id='line_1_30' title="bbox 385 3662 1353 3755; baseline 0.004 -20"><span class='ocrx_word' id='word_1_211' title='bbox 385 3662 574 3754; x_wconf 89' lang='lat' dir='ltr'>slabulum,</span> <span class='ocrx_word' id='word_1_212' title='bbox 597 3664 829 3755; x_wconf 72' lang='lat' dir='ltr'>obiiciendum</span> <span class='ocrx_word' id='word_1_213' title='bbox 853 3665 996 3738; x_wconf 88' lang='lat' dir='ltr'>farinam</span> <span class='ocrx_word' id='word_1_214' title='bbox 1021 3667 1218 3739; x_wconf 87' lang='lat' dir='ltr'>ordeaceam</span> <span class='ocrx_word' id='word_1_215' title='bbox 1245 3669 1353 3739; x_wconf 82' lang='lat' dir='ltr'>moli·</span> 
     </span>
     <span class='ocr_line' id='line_1_31' title="bbox 385 3771 1352 3867; baseline 0.006 -28"><span class='ocrx_word' id='word_1_216' title='bbox 385 3788 451 3867; x_wconf 82' lang='lat' dir='ltr'>tarn</span> <span class='ocrx_word' id='word_1_217' title='bbox 479 3798 557 3846; x_wconf 89' lang='lat' dir='ltr'>cum</span> <span class='ocrx_word' id='word_1_218' title='bbox 581 3771 786 3859; x_wconf 84' lang='lat' dir='ltr'>furfuribus,</span> <span class='ocrx_word' id='word_1_219' title='bbox 804 3775 842 3844; x_wconf 88' lang='lat'>&amp;</span> <span class='ocrx_word' id='word_1_220' title='bbox 863 3773 885 3841; x_wconf 83' lang='lat' dir='ltr'>fi</span> <span class='ocrx_word' id='word_1_221' title='bbox 909 3772 991 3866; x_wconf 93' lang='lat' dir='ltr'>quid</span> <span class='ocrx_word' id='word_1_222' title='bbox 1010 3773 1099 3843; x_wconf 89' lang='lat' dir='ltr'>aliud</span> <span class='ocrx_word' id='word_1_223' title='bbox 1120 3790 1207 3845; x_wconf 89' lang='lat' dir='ltr'>terra</span> <span class='ocrx_word' id='word_1_224' title='bbox 1231 3793 1352 3846; x_wconf 84' lang='lat' dir='ltr'>natum</span> 
     </span>
     <span class='ocr_line' id='line_1_32' title="bbox 386 3879 1352 3972; baseline 0.004 -20"><span class='ocrx_word' id='word_1_225' title='bbox 386 3880 532 3954; x_wconf 91' lang='lat' dir='ltr'>libenter</span> <span class='ocrx_word' id='word_1_226' title='bbox 551 3883 658 3955; x_wconf 90' lang='lat' dir='ltr'>edent.</span> <span class='ocrx_word' id='word_1_227' title='bbox 671 3881 847 3953; x_wconf 82' lang='lat' dir='ltr'>Anniculis</span> <span class='ocrx_word' id='word_1_228' title='bbox 860 3879 925 3972; x_wconf 85' lang='lat' dir='ltr'>jam</span> <span class='ocrx_word' id='word_1_229' title='bbox 940 3879 1033 3953; x_wconf 72' lang='lat' dir='ltr'>fatris</span> <span class='ocrx_word' id='word_1_230' title='bbox 1045 3881 1189 3953; x_wconf 87' lang='lat' dir='ltr'>dandum</span> <span class='ocrx_word' id='word_1_231' title='bbox 1203 3883 1352 3956; x_wconf 86' lang='lat' dir='ltr'>ordeum</span> 
     </span>
    </p>
   </div>
   <div class='ocr_carea' id='block_1_10' title="bbox 391 3989 1352 4099">
    <p class='ocr_par' dir='ltr' id='par_1_10' title="bbox 391 3989 1352 4099">
     <span class='ocr_line' id='line_1_33' title="bbox 391 3989 1352 4099; baseline 0.005 -34"><span class='ocrx_word' id='word_1_232' title='bbox 391 3989 621 4099; x_wconf 81' lang='lat' dir='ltr'>&amp;·fursures,</span> <span class='ocrx_word' id='word_1_233' title='bbox 647 3991 754 4090; x_wconf 88' lang='lat' dir='ltr'>usque</span> <span class='ocrx_word' id='word_1_234' title='bbox 775 3992 891 4090; x_wconf 88' lang='lat' dir='ltr'>quoad</span> <span class='ocrx_word' id='word_1_235' title='bbox 915 4012 1016 4067; x_wconf 90' lang='lat' dir='ltr'>erunt</span> <span class='ocrx_word' id='word_1_236' title='bbox 1041 3995 1211 4072; x_wconf 71' lang='lat' dir='ltr'>lactentes.</span> <span class='ocrx_word' id='word_1_237' title='bbox 1234 4019 1352 4094; x_wconf 82' lang='lat' dir='ltr'>neque</span> 
     </span>
    </p>
   </div>
   <div class='ocr_carea' id='block_1_11' title="bbox 0 0 1760 5084">
    <p class='ocr_par' dir='ltr' id='par_1_11' title="bbox 0 0 1760 5084">
     <span class='ocr_line' id='line_1_34' title="bbox 0 0 1760 5084; baseline 0 4"><span class='ocrx_word' id='word_1_238' title='bbox 0 0 1760 5084; x_wconf 95' lang='lat' dir='ltr'> </span> 
     </span>
    </p>
   </div>
  </div>
 </body>
</html>
