3509 5084
444 1088 550 1210 ιο.
577 1078 966 1233 mmmm
1001 1075 1347 1195 emnem¹

632 1363 664 1448 P
692 1362 731 1445 R
757 1360 864 1444 AEF
892 1362 929 1443 A
953 1357 992 1444 Τ
1016 1359 1035 1443 I
1061 1355 1118 1446 0.
1151 1377 1157 1385 ·

403 2000 453 2135 F
464 2080 583 2134 unct
615 2059 705 2133 enim
731 2060 865 2134 tandem
891 2059 1096 2158 aliquando,
1117 2061 1188 2137 Dei
1212 2062 1363 2155 virtute,

402 2173 487 2245 licet
511 2170 608 2242 dulei·
626 2169 762 2262 officio,
785 2173 823 2242 &
844 2169 902 2240 diu
931 2171 1027 2255 votis,
1041 2171 1162 2243 nostris
1184 2176 1363 2267 expetito:

412 2280 505 2376 quod
521 2299 615 2352 tanto
635 2279 774 2354 alacrius
785 2277 916 2352 rusticis
933 2276 1078 2369 nostris,
1099 2279 1182 2376 quin
1201 2281 1284 2368 tibi,
1303 2300 1366 2353 Ln-

409 2409 514 2461 cron
524 2443 534 2478 ‚
546 2389 791 2485 praestabimus,
804 2412 876 2486 quo
891 2383 1011 2482 majori
1023 2413 1086 2460 nos
1102 2387 1280 2484 voluptate
1292 2388 1368 2463 finis

405 2499 474 2595 ipse
498 2499 592 2596 longi
616 2499 764 2587 laboris,
785 2501 824 2572 &
841 2499 930 2590 qnasi
953 2515 1142 2594 occupatus
1170 2525 1214 2572 ex
1239 2501 1369 2577 difficili

375 2602 378 2606 ’
407 2606 626 2702 navigatione
647 2625 787 2702 portus,
810 2605 923 2678 afficit.
944 2604 997 2677 Ne
1024 2629 1109 2680 vero
1130 2607 1226 2696 turba
1249 2612 1367 2706 oppri·
1476 2664 1480 2671 -

409 2740 538 2785 mamur
547 2769 560 2801 ,
577 2714 686 2810 placet
701 2714 855 2788 ordinem
871 2714 1041 2813 quendam
1062 2713 1125 2803 iis,
1141 2741 1217 2813 quae
1238 2717 1294 2790 hic
1317 2720 1369 2791 di·

410 2825 515 2897 cenda
529 2825 607 2896 sunt
621 2877 632 2914 ,
653 2822 839 2918 praefinire,
855 2844 892 2897 ut
913 2823 1197 2920 primoquidem,
1217 2849 1292 2918 quae
1306 2827 1372 2900 fin·

410 2936 567 3032 gulosum
584 2933 808 3030 scriptorum,
824 2958 912 3029 quos
936 2934 1072 3020 damus,
1091 2930 1201 3004 adhuc
1215 2930 1280 3004 fata
1297 2932 1373 3007 fue·

411 3042 725 3133 rint‚indicemus;
741 3043 942 3140 deindeque
965 3040 1102 3113 fortuna
1122 3039 1296 3139 conjuntii
1309 3044 1375 3120 sint
1489 3041 1494 3051 ’

412 3153 460 3225 usr
485 3178 631 3250 quatuor
660 3155 853 3251 principes,
869 3150 1140 3251 'persequamur3
1162 3174 1201 3227 ut
1222 3181 1374 3230 comme-

415 3288 586 3336 moremus
598 3265 761 3362 denique,
775 3266 856 3364 quid
870 3266 985 3337 auxilii
999 3265 1054 3339 vel
1067 3267 1269 3354 ornamenti,
1284 3268 1375 3362 post·

417 3395 517 3466 quam
541 3374 682 3448 aliorum
698 3394 839 3449 conatus
859 3373 997 3447 fortuna
1011 3373 1213 3469 intercepit,
1227 3373 1375 3449 hacedi·

414 3477 516 3551 tione
535 3480 575 3551 iis
594 3483 773 3558 accesserit.

476 3593 500 3661 I.
528 3591 599 3664 Jam
621 3612 660 3664 ut
681 3597 732 3666 M.
758 3596 891 3666 Catonis
912 3591 1071 3687 Censorii,
1092 3597 1146 3688 qui
1173 3593 1376 3689 agricolatio·
1450 3644 1456 3659 .

416 3729 485 3772 nem
501 3704 615 3773 Latine
628 3708 712 3798 loqui
721 3711 847 3799 primus
861 3708 996 3807 instituit
1007 3702 1105 3800 (Col.
1124 3731 1154 3790 ι,
1178 3731 1207 3788 ι,
1227 3697 1299 3798 12.)
1320 3700 1377 3774 vel

418 3827 609 3884 ceterorum
635 3814 721 3884 adeo
747 3820 851 3887 vitam
876 3836 1090 3901 enarremus,
1106 3833 1228 3896 neme,
1248 3811 1379 3904 credo',

418 3918 604 4016 exspetiat,
617 3919 770 4016 inprimis
793 3947 870 3996 cum
891 3921 926 3991 in
943 3922 1101 4018 somnium
1122 3918 1275 3993 manibus
1298 3947 1379 3992 ver·

420 4027 509 4100 setnr
530 4029 724 4110 Fabriciana
752 4031 981 4119 bibliotheca,
1006 4055 1083 4129 quae
1108 4027 1272 4102 studiosos
1292 4027 1379 4102 illius

447 4189 458 4214 ι
496 4144 625 4234 Scriprt.
640 4146 681 4215 R.
695 4145 737 4215 R.
760 4148 830 4215 Vol.
845 4144 873 4216 I.
1165 4163 1184 4212 a
1210 4165 1230 4211 2
1260 4224 1264 4233 Ι
