3509 5084
483 583 531 670 ,a
625 577 675 647 u.
699 570 980 650 aaueuru
1007 569 1298 643 vnnnours

480 730 562 826 regi.
580 733 662 822 Quo
681 731 816 803 brevius
831 734 872 804 de
886 758 925 803 ea
945 756 981 804 re
1000 755 1111 806 conor
1130 729 1352 804 nibuslibris
1374 743 1442 802 ex2,

479 859 629 930 ponere,
645 863 715 909 uno
737 838 778 908 de
791 837 1016 935 agricultura,
1031 837 1137 910 altero
1154 840 1194 909 de
1208 864 1244 911 re
1264 838 1445 933 pecuaria,

479 943 581 1016 terrio
596 945 637 1016 de
658 944 816 1017 villaticis
830 944 1057 1040 pastionibus,
1070 946 1139 1023 hoc
1151 947 1242 1020 libro
1256 946 1445 1020 circumci-¹

476 1054 520 1127 sis
540 1057 659 1140 rebus,
679 1080 757 1150 quae
778 1080 851 1128 non
874 1056 1020 1129 arbitror
1046 1056 1212 1152 pertinere
1227 1058 1270 1130 nd
1292 1055 1444 1155 agricul-

478 1181 598 1243 turam.
610 1171 722 1261 ltaque
740 1165 832 1259 prius
847 1167 1043 1256 ostendam,
1055 1194 1130 1266 quae
1142 1166 1268 1240 secerni
1281 1182 1446 1261 oporteat

476 1278 520 1351 ab
543 1269 606 1365 ea,
624 1298 693 1350 turn
716 1280 758 1350 de
781 1272 831 1351 bis
847 1281 946 1353 rebus
966 1282 1097 1370 dicam,
1111 1280 1252 1375 sequens
1272 1277 1443 1354 naturales

476 1387 668 1459 divisiones.
684 1390 731 1458 Ea
746 1406 846 1461 erunt
858 1412 900 1460 ex
917 1388 1082 1461 radicibus
1095 1388 1214 1474 trinis,
1229 1391 1266 1460 &
1281 1411 1358 1481 quae
1371 1385 1442 1481 ipse

475 1493 513 1566 in
534 1495 615 1567 meis
632 1495 744 1566 fundis
765 1495 916 1568 colendo
937 1497 1184 1585 animadverti,
1201 1501 1239 1571 δι
1252 1522 1327 1593 quae
1348 1495 1443 1594 legis

475 1604 514 1674 δι
527 1626 602 1696 quae
623 1627 643 1673 a
664 1602 780 1694 peritis
795 1603 900 1675 audii.
1425 1634 1428 1641 ·

523 1715 561 1783 ll.
582 1711 784 1783 Sementivis
808 1712 902 1786 seriis
924 1712 960 1784 in
979 1714 1084 1787 edem
1106 1713 1256 1785 Telluris
1278 1737 1442 1786 veneram

473 1838 613 1917 togatus
632 1821 673 1893 ab
692 1821 864 1910 aeditimo,
879 1838 916 1894 ut
931 1822 1043 1894 dicere
1059 1822 1237 1896 didicimus
1254 1848 1272 1894 a
1289 1822 1442 1917 patribus

474 1926 614 2012 nostris:
627 1944 663 1997 ut
676 1927 911 2029 corrigimura
925 1929 1117 2000 recentibus
1132 1928 1285 2018 urbanis,
1302 1930 1344 2001 ab
1356 1929 1440 2002 aedi·

473 2053 548 2115 tuo.
568 2033 707 2107 Offendi
723 2036 771 2109 ibi
788 2039 827 2109 C.
844 2034 1056 2108 Fundanium
1080 2037 1235 2111 socerum
1254 2062 1385 2124 meum,
1398 2038 1441 2110 bc

474 2145 516 2216 C.
529 2142 670 2240 Agrium
688 2144 835 2240 equitem
852 2146 893 2215 R.
914 2144 1149 2234 Socraticum,
1165 2148 1201 2217 δι
1215 2135 1251 2219 Ρ.
1266 2144 1438 2241 Agrasrum

470 2247 716 2346 publicanum,
735 2249 922 2346 spedantes
945 2251 982 2323 in
1004 2252 1131 2349 pariete
1152 2253 1272 2348 pisiam
1299 2252 1437 2324 ltaliam.

470 2361 568 2454 Quid
589 2386 653 2434 vos
672 2360 744 2448 bic,
763 2367 913 2455 inquam,
929 2386 1009 2434 num
1027 2360 1122 2439 seriae
1134 2360 1329 2441 sementivae
1342 2361 1436 2440 otio·

472 2470 527 2543 sos
541 2471 608 2541 huc
621 2469 833 2555 adduxerunt
842 2523 855 2557 ,
869 2488 906 2540 ut
928 2489 1038 2565 patres
1051 2472 1088 2543 δι
1101 2472 1352 2544 avos-solebant
1369 2496 1436 2544 no-

471 2578 580 2652 slrosi
596 2580 670 2652 Nos
694 2603 779 2651 vero
800 2577 940 2677 (inquit
958 2578 1130 2678 Aemus)
1151 2601 1189 2653 ut
1201 2583 1368 2672 arbitror,
1383 2608 1438 2656 ea·

471 2688 548 2761 dem
564 2687 680 2772 causa,
695 2713 770 2785 quae
788 2708 847 2773 te,
866 2689 1002 2785 rogatio
1028 2691 1178 2789 guium.
1202 2696 1319 2784 ltaque
1343 2692 1366 2760 sr
1389 2685 1438 2764 ita

471 2797 537 2887 esi,
553 2815 589 2870 ut
602 2798 742 2887 annuis,
764 2821 898 2874 morere
913 2813 1053 2892 oportet
1066 2795 1266 2884 nobiscum,
1283 2800 1362 2868 dum
1378 2798 1438 2872 ille

470 2926 670 2981 revertatur.
695 2933 772 2979 nam
794 2907 965 2992 arcerlrtus
986 2906 1029 2978 ab
1044 2903 1165 2992 aedile,
1188 2903 1284 2993 cuius
1305 2928 1437 2999 procu·-

469 3017 560 3090 ratio
582 3017 681 3112 hujus
700 3018 815 3112 templi
838 3015 909 3103 est,
925 3016 1079 3088 nondum
1099 3012 1220 3100 rediit,
1234 3015 1273 3087 bc
1288 3038 1375 3102 nos,
1397 3032 1438 3087 ut

470 3126 733 3218 exspeslaremus
748 3125 804 3213 se,
817 3122 953 3216 reliquit
964 3124 1023 3221 qui
1038 3141 1184 3219 rogaret.
1205 3121 1315 3192 Vultis
1333 3122 1437 3217 igitur

470 3231 598 3306 interea
613 3255 712 3310 vetus
728 3232 950 3332 proverbium
965 3285 977 3321 ,
994 3234 1087 3327 quod
1100 3232 1165 3318 est,
1178 3251 1371 3304 sonantius
1386 3233 1434 3306 se·

469 3344 585 3419 dendo
598 3345 726 3435 vincit,
741 3345 956 3440 usurpemus,
969 3341 1116 3413 dumille
1130 3341 1248 3416 venit?
1264 3344 1367 3429 Sane,
1380 3340 1433 3412 in·

470 3453 547 3550 quir
568 3456 738 3541 numus,
758 3456 796 3529 δι
816 3453 911 3528 simul
931 3451 1108 3549 cogitans,
1130 3469 1297 3524 Pontum
1320 3449 1436 3522 itineri
1490 3528 1494 3533 ,

326 3622 329 3629 .
412 3558 419 3573 ’
468 3561 539 3636 dici
560 3559 780 3658 longissimam
795 3561 859 3657 esse
872 3615 884 3651 ,
898 3561 941 3632 ad
960 3558 1111 3641 subsellia
1133 3556 1348 3653 sequentibus
1363 3580 1433 3630 no·

469 3673 523 3748 bis
536 3672 701 3768 procedit.
713 3673 801 3744 Cum
816 3670 1095 3761 consedissemus,
1110 3673 1326 3752 AGRASwS,
1340 3670 1442 3757 Vos,

469 3781 531 3877 qui
548 3778 668 3873 multas
681 3777 929 3872 perambulaslis
952 3796 1079 3865 terras,
1095 3799 1235 3871 ecquam
1248 3773 1433 3849 cultiorem

439 3941 442 3947 -
470 3888 566 3963 ltalia
584 3886 732 3975 vidisiis,
747 3885 887 3983 inquitl·
898 3887 971 3984 Ego
989 3910 1100 3976 vero,
1117 3892 1266 3960 Asnaus
1279 3937 1290 3970 ,
1302 3882 1434 3956 nullam

470 3998 620 4074 arbitror
642 3997 728 4094 esse,
739 4023 816 4098 quac
830 4013 901 4072 tam
917 4013 991 4074 tota
1008 3995 1051 4071 stt
1062 3995 1164 4074 culta.
1184 3994 1335 4070 Primum
1349 4017 1434 4070 curu
