3509 5084
395 590 462 662 140
534 528 1211 643 u.rrneur1svnunou1s
1297 565 1303 577 ·

389 727 554 817 nucleus,
581 727 677 827 quod
703 752 746 799 ex
779 751 822 799 eo
849 725 978 800 tardius
1007 724 1224 799 enascebarur
1253 727 1363 818 colis,

388 832 492 935 qu'am
507 864 525 909 e
538 838 654 927 taleis,
669 838 747 911 ideo
761 835 877 934 potius
890 835 927 908 in
942 834 1126 909 seminariis
1140 835 1267 929 taleas,
1277 862 1363 935 quas

390 947 483 1032 dixi,
499 946 651 1020 serimus.

449 1057 554 1129 XLll.
571 1053 778 1131 De'Medica
793 1053 947 1152 inprimis
966 1052 1149 1143 observes,
1170 1078 1214 1125 ne
1231 1052 1271 1127 in
1292 1072 1363 1134 ter.-¹

387 1191 460 1240 ram
474 1165 615 1237 nimium
640 1165 787 1257 aridam,
799 1186 858 1238 aut
880 1162 1032 1253 variam,
1048 1163 1103 1236 sed
1117 1182 1363 1260 temperatam,

388 1276 502 1349 semen
517 1275 681 1351 demittas.
695 1275 730 1347 in
741 1273 895 1373 jugerum
907 1298 1029 1361 unum,
1042 1272 1066 1345 sr
1078 1272 1124 1346 est
1137 1297 1260 1353 natura
1275 1294 1362 1349 tem⁴

378 1404 500 1481 perata
522 1404 629 1470 terra,
648 1385 797 1457 scribunt
812 1407 900 1480 opus
921 1382 985 1455 else
1004 1383 1149 1457 Medicae
1166 1384 1372 1483 sesquimofi

387 1494 493 1567 dium.
518 1493 552 1566 id
574 1493 691 1567 seritur
706 1494 773 1583 ita,
787 1513 825 1567 ut
838 1493 949 1565 semen
961 1490 1116 1586 jauatur,
1130 1495 1363 1591 quemadmm

387 1608 468 1680 dum
488 1606 613 1679 scilicet
627 1630 704 1678 cum
719 1604 880 1699 pabulum
893 1605 932 1676 &
946 1600 1155 1674 frumentum
1169 1600 1302 1676 seritur.

434 1718 554 1787 XLlll.
575 1714 733 1813 Cytisum
747 1713 866 1786 seritur
879 1712 915 1785 in
933 1736 1022 1785 terra
1036 1713 1122 1785 bene
1136 1709 1271 1788 subabia
1284 1732 1366 1787 tans.

385 1849 486 1921 quam
509 1823 621 1895 semen
644 1820 791 1894 brafficse
804 1849 813 1894 :
827 1821 907 1894 inde
927 1818 1100 1910 differtur,
1116 1821 1153 1893 δι
1170 1818 1207 1891 in
1230 1819 1361 1919 sesqui·

385 1936 506 2031 pedem
527 1933 681 2029 ponitur.
704 1933 881 2005 autetiam
903 1932 945 2011 <le
960 1930 1073 2031 cytiso
1086 1931 1225 2004 duriore
1240 1932 1361 2032 virgu-

386 2048 430 2120 1ae
452 2045 707 2140 deplantantur,
721 2048 759 2120 δι
771 2041 817 2118 ita
835 2044 992 2141 pangitur
1005 2043 1041 2116 in
1055 2042 1210 2116 serendo.

437 2156 561 2237 XLlV.
584 2154 748 2226 Seruutur
763 2152 848 2225 fabae
866 2152 974 2225 modii
990 2174 1033 2225 tv
1050 2152 1084 2224 in
1098 2150 1241 2249 jugero,
1255 2151 1360 2226 tritici

390 2284 438 2350 v,
450 2260 548 2334 ordei
562 2252 623 2346 vl,
639 2260 734 2333 farris
749 2281 789 2334 x.
803 2261 858 2333 sed
874 2260 1047 2334 nonnullis
1061 2259 1147 2333 locis
1165 2260 1273 2355 paulo
1289 2287 1361 2335 am·

386 2371 496 2467 plius,
507 2389 564 2442 aut
580 2372 703 2443 minus.
718 2370 846 2442 sienim
865 2371 963 2471 locus
978 2370 1118 2458 crassus,
1132 2370 1232 2466 plus:
1247 2370 1272 2441 si
1287 2391 1360 2451 ma·;

387 2506 468 2571 cer,
490 2480 611 2553 minus.
632 2505 734 2579 quare
757 2480 976 2569 observabis,
997 2497 1162 2579 quantum
1184 2480 1283 2553 inea
1305 2506 1360 2561 req

386 2592 492 2688 gione
512 2592 727 2664 consuetudo
753 2591 817 2665 erit
841 2590 991 2664 serendi:
1012 2610 1050 2663 ut
1075 2609 1208 2663 tantum
1232 2590 1359 2683 facias,

386 2715 550 2795 quantum
572 2699 663 2772 valet
681 2698 795 2795 regio,
810 2723 849 2770 ac
867 2723 974 2802 genus
988 2718 1097 2772 terrae.
1116 2718 1155 2771 ut
1170 2724 1216 2771 err
1232 2701 1358 2774 eodem

387 2806 514 2887 semine
528 2806 645 2898 aliubi,
660 2833 737 2881 cum
751 2806 888 2880 decimo
907 2808 1035 2897 redeat,
1046 2808 1153 2881 aliubi
1165 2834 1244 2881 curn
1258 2810 1360 2907 quin·

386 2920 582 3009 todecimo,
599 2938 635 2993 ut
655 2918 693 2992 in
707 2920 883 3006 Hetruria,
897 2922 937 2993 δι
954 2919 1040 2993 locis
1054 2920 1188 3017 aliquot
1199 2920 1235 2993 in
1249 2914 1358 2997 Italia.

385 3027 423 3103 in
447 3028 654 3127 Sybaritano
681 3029 799 3103 dicunt
821 3030 923 3101 etiam
944 3056 1022 3105 cum
1042 3031 1223 3105 cenresrmo
1248 3034 1358 3107 redire

281 3200 286 3211 .
386 3137 537 3210 solitum.
557 3137 593 3229 in
606 3137 706 3235 Syria
719 3139 762 3209 ad
779 3139 932 3223 Garada,
947 3140 986 3212 δι
1006 3140 1041 3210 in
1055 3138 1170 3213 Africa
1184 3141 1228 3213 ad
1248 3144 1359 3240 Byza-

384 3245 476 3320 cium
501 3246 583 3319 item
606 3271 649 3317 ex
673 3246 793 3319 modio
817 3246 907 3319 nasci
933 3267 1081 3323 centum.
1104 3248 1191 3321 lllud
1215 3274 1361 3347 quoque

384 3355 533 3428 multum
553 3350 691 3428 intere'st
709 3354 747 3426 in
762 3354 837 3428 rudi
855 3372 961 3441 terra,
976 3380 1019 3427 an
1042 3357 1078 3429 in
1097 3381 1137 3429 ea
1159 3356 1267 3446 seras,
1282 3384 1361 3457 quan

385 3466 570 3562 quotannis
591 3465 698 3539 obfita
719 3464 777 3555 sit,
797 3490 874 3561 quae
891 3486 1037 3539 vocatur
1058 3466 1238 3543 restibilis:
1255 3493 1298 3540 an
1321 3467 1358 3541 in

387 3578 573 3664 vervatto,
588 3604 663 3673 quae
677 3577 844 3649 interdum
863 3575 1036 3673 requierit.
1053 3577 1121 3648 Cui
1136 3582 1307 3666 Aemus,
1319 3582 1359 3649 ln

386 3684 554 3780 Olynthia
572 3683 757 3777 quotannis
770 3683 930 3757 rellibilia
947 3684 1012 3754 elle
1032 3684 1171 3771 dicunt,
1184 3684 1241 3757 sed
1256 3686 1304 3757 ita
1321 3702 1359 3757 ut

388 3793 491 3865 tertio
513 3815 651 3889 quoque
666 3816 758 3863 anno
778 3792 952 3863 uberiores
969 3792 1078 3867 ferant
1093 3788 1231 3869 sruslus.
1257 3798 1362 3869 Lien

388 3918 499 3992 MUS,
523 3902 653 3996 Agrum
678 3897 814 3971 alternis
836 3901 933 3973 annis
955 3903 1100 4001 relinqui
1121 3900 1359 4000 oportet,aut

313 4042 315 4047 ·
389 4010 492 4101 paulo
511 4007 702 4090 levioribus
723 4008 908 4086 sationibus
927 4010 1052 4110 serere,
1064 4015 1101 4090 id
1119 4016 1183 4110 est,
1195 4041 1278 4117 quae
1292 4015 1360 4095 mi·
