3509 5084
244 584 364 640 lxxvi
466 567 1041 646 otpoucllcnrouts
1137 618 1139 622 ·

236 724 375 822 fignaree
395 747 497 797 autem
520 753 591 798 cum
612 729 732 804 Catone
745 735 914 822 Flaccum,
934 736 1025 832 quafi
1042 717 1107 808 non
1128 751 1209 841 ean³
1284 749 1288 752 ’

240 833 386 902 didacum
410 837 503 905 illum
529 839 684 934 censure,
697 843 760 935 scd
778 843 926 935 censorem
945 842 1021 932 jam
1045 842 1078 917 Cr
1099 852 1207 939 pruci-

237 940 375 1029 pientem
397 946 544 1019 audiam.
591 1000 595 1005 -
903 1011 908 1015 ,

294 1055 420 1148 Allegit
434 1057 533 1151 igitur
548 1059 583 1128 in
595 1059 745 1153 sertatum
766 1065 914 1155 collegam
937 1058 1123 1134 &amicam
1145 1065 1208 1133 Lu·
1228 1101 1235 1140 χ

246 1161 331 1235 cium
349 1169 383 1232 V
382 1171 513 1240 aleriam
526 1173 682 1242 flaccum.
695 1177 815 1243 Senatu
826 1172 927 1244 mouit
941 1174 1017 1242 inter
1027 1174 1110 1241 alios
1123 1200 1209 1243 com·

243 1277 352 1363 plures
371 1275 502 1351 Lucium
515 1278 706 1368 Quintium,
716 1278 770 1368 qui
775 1279 894 1371 septem
911 1279 1009 1349 annis
1021 1304 1092 1349 anre
1103 1282 1214 1370 consul

242 1382 379 1478 fuerat:
400 1386 434 1460 6·
452 1390 536 1480 quod
551 1383 684 1471 majoris
706 1392 855 1459 momenti
870 1393 898 1463 ei
914 1413 979 1460 erat
998 1394 1044 1459 ad
1053 1394 1209 1484 gloriam,

254 1496 323 1565 Titi
349 1498 480 1590 Quintii
491 1545 502 1580 ,
527 1496 581 1587 qui
609 1499 798 1590 Philippum
822 1501 1047 1585 debellaverat,
1066 1497 1210 1583 fratrem.

254 1604 411 1694 Causam,
429 1629 484 1673 cur
491 1604 656 1694 senatorio
682 1613 750 1680 loeo
779 1635 847 1678 cum
875 1609 1021 1693 mouerit,
1046 1608 1127 1674 banc
1150 1609 1210 1674 lra-

248 1710 327 1780 buit.
346 1709 481 1779 Puerum
503 1712 617 1781 lucius
629 1712 806 1805 formofitm
812 1719 951 1807 scortum
961 1737 1104 1806 perpetuo
1118 1712 1212 1780 labo

248 1819 305 1887 bar
322 1823 360 1891 in
379 1826 576 1893 contubernio
585 1826 676 1916 suo,
701 1851 789 1920 arque
808 1829 843 1895 in
868 1827 1116 1917 expeditionibus
1134 1823 1209 1915 suis

248 1945 375 1996 tantum
397 1932 549 2001 tribuebat
570 1935 599 2000 ei
620 1935 770 2019 lionoris,
785 1957 935 2025 quantum
958 1959 1048 2002 nemo
1060 1931 1210 2023 stimmo·

249 2061 318 2104 rum
334 2042 526 2129 amicorum,
539 2049 589 2112 uel
597 2041 814 2131 familiarium
825 2093 836 2129 ,
849 2043 901 2134 qui
920 2046 1000 2111 circa
1024 2067 1091 2110 eum
1113 2060 1210 2107 erant.

252 2145 334 2215 Cum
345 2147 419 2234 jam
439 2153 635 2243 provinciam
651 2155 796 2223 obtineret
807 2151 994 2242 proconsul,
1010 2150 1044 2218 in
1066 2149 1211 2239 conuiuio

249 2260 387 2348 quodam
402 2288 483 2352 puer
495 2260 595 2347 iuxta
613 2289 680 2331 eum
697 2313 707 2347 ‚
722 2285 757 2330 ut
765 2261 891 2352 solebat
905 2311 914 2345 ,
935 2255 1113 2342 accubans,
1131 2242 1213 2324 incer
1301 2306 1305 2316 .

251 2388 364 2438 ceteras
391 2373 590 2454 blanditias,
613 2373 723 2462 quibat
742 2396 800 2460 per
824 2371 933 2454 uinum
953 2367 1054 2456 facile
1082 2367 1211 2434 ducebat

250 2503 338 2564 eum,
350 2501 507 2572 tantopere
519 2477 661 2566 jaiiauit
669 2476 707 2569 se
727 2503 831 2546 amare
852 2502 939 2561 eum,
951 2499 987 2544 ut
999 2473 1210 2565 spec‘laculum
1241 2523 1247 2543 .

249 2588 351 2675 domi,
366 2591 486 2681 inquit,
495 2591 704 2682 gladiatorum
714 2637 724 2673 ,
735 2589 820 2679 quod
833 2582 1138 2676 nunquamspec‘laui
1151 2611 1210 2653 an·

249 2715 279 2763 tc
290 2746 301 2782 ,
309 2700 570 2792 protermiserim,
589 2709 626 2766 oc
635 2685 637 2688 Α
646 2684 768 2766 currens
780 2695 963 2788 perrexerim
977 2698 1023 2793 ad
1037 2716 1081 2778 te,
1097 2721 1210 2784 quam·

250 2807 302 2876 uis
328 2810 428 2879 uidere
449 2811 602 2878 ltomintrn
628 2809 755 2877 avebam
781 2805 921 2894 interfici.
948 2807 1064 2874 lucius
1082 2800 1208 2895 rieiffim

249 2920 388 3008 gratiam
407 2921 457 2988 illi
476 2918 660 3010 rependetis,
674 2918 785 3001 Nibil,
798 2916 917 3006 inquit,
932 2937 959 2982 tt
973 2935 1110 3006 torqueat
1132 2915 1210 2998 boc,

250 3049 306 3118 ego
317 3025 415 3114 facile
434 3029 579 3097 medebor.
602 3028 682 3094 Indc
699 3051 798 3095 unum
816 3050 859 3094 cx
875 3022 1039 3098 ¹damnatis
1056 3025 1099 3092 rei
1120 3012 1214 3113 capi·¹

252 3136 328 3205 talis
342 3136 458 3204 auraici
472 3140 506 3202 in
524 3138 722 3228 conuiuium,
736 3130 768 3204 δ’
788 3134 921 3204 liliorem
936 3160 1004 3236 cum
1016 3133 1118 3223 securi
1126 3159 1209 3222 pru·

253 3244 330 3332 cepit
348 3243 462 3339 arccffl.
473 3241 560 3312 ‘Tum
582 3247 688 3313 iterum
704 3269 744 3313 ex
754 3244 861 3335 scorto
877 3243 1033 3342 quafivit,
1046 3272 1089 3314 an
1109 3248 1209 3314 videre

254 3352 342 3450 istum
357 3360 445 3424 uellet
448 3353 544 3443 feriri
549 3356 676 3446 securi:
689 3380 757 3425 curn
774 3353 947 3451 annuifftt,
960 3360 1123 3447 imperavit
1129 3382 1211 3448 pra·
1256 3400 1261 3411 ·

253 3467 317 3534 cidi
332 3466 452 3533 bomini
465 3490 578 3557 caput:
591 3467 692 3558 itaque
703 3465 835 3557 plerique
848 3467 986 3553 homines
1000 3455 1138 3535 tradunt.
1156 3464 1208 3532 cc·-

253 3598 318 3642 ccro
337 3599 452 3664 quoque
472 3577 507 3642 in
527 3576 653 3668 dialogo
674 3579 712 3644 de
722 3572 873 3664 senectute
888 3574 941 3672 fic
957 3596 1133 3643 narrantem
1155 3574 1209 3639 in·

237 3682 239 3692 '
254 3685 339 3753 ducit
352 3686 507 3752 Catonem.
526 3686 637 3753 livius
654 3705 756 3751 autern
770 3681 903 3768 Gallum
923 3681 1117 3774 transfugam
1132 3683 1209 3749 dicit

254 3797 344 3863 illum
355 3788 476 3891 fuiffe,
494 3794 546 3885 qui
562 3790 633 3881 suit
649 3789 851 3880 interfec'lus:
870 3820 908 3863 ac
927 3795 1055 3862 Lucium
1077 3795 1141 3859 nort
1153 3817 1209 3881 per

255 3905 406 3996 lidorcm,
414 3905 546 3998 fedsuo
564 3902 659 4001 ipfius
679 3931 796 3991 manu,
809 3908 962 3975 bominem
983 3906 1081 3972 occidi
1104 3930 1138 3988 e,
1153 3930 1208 3970 ea·
1271 3924 1274 3928 ·

256 4040 311 4105 que
332 4014 385 4114 effi
404 4021 440 4090 in
453 3998 582 4088 Catonis
600 4014 735 4086 oratione
744 4011 874 4109 scripta.
895 4010 1040 4102 Ejec‘lum
1050 4013 1167 4106 senatu
1185 4038 1206 4081 a
