3509 5084
409 596 416 603 '
486 606 553 681 172
627 573 986 653 MTERENTII
1013 571 1309 644 VARRONIS

480 741 658 838 quaedam,
673 739 768 837 quod
782 736 898 835 potius
917 734 1122 809 filvestribus
1138 734 1271 806 saltibus
1285 732 1460 804 delectans

432 908 451 923 ,
483 868 539 921 tttr
548 875 673 946 ‚quam
694 847 806 944 pratis.
818 836 972 918 Studiose
992 845 1082 918 enim
1098 845 1139 916 de
1162 843 1344 941 agrestibus
1357 842 1463 914 fruti·

482 957 580 1037 cibus
595 957 800 1054 pascuntur,
813 974 915 1054 atque
931 955 966 1027 in
984 955 1071 1030 locis
1087 955 1206 1044 cultis,
1223 953 1375 1052 virgulta
1390 979 1462 1026 car·

481 1085 591 1162 punt:
609 1066 755 1163 itaquea
777 1065 950 1160 carpendo
972 1090 1081 1160 caprae
1103 1063 1297 1136 nominatae.
1321 1065 1371 1134 ob
1391 1063 1463 1137 hoc

481 1177 519 1249 in
533 1178 606 1276 lege
622 1176 804 1249 locationis
819 1172 915 1246 fundi
929 1175 1042 1271 excipi
1055 1173 1162 1262 solet,
1178 1198 1221 1246 ne
1237 1172 1391 1271 colonos
1405 1198 1462 1245 ca·

482 1311 545 1383 pra
565 1306 679 1358 natum
695 1286 731 1357 in
748 1276 862 1384 'fundo
876 1283 1000 1382 pascat.
1017 1288 1143 1357 Harum
1160 1282 1249 1355 enim
1263 1283 1386 1355 dentes
1398 1282 1465 1355 ini·

480 1397 564 1470 mici
587 1396 746 1484 sationis,
766 1421 848 1493 quas
875 1396 975 1467 etiam
997 1387 1160 1491 astrologi
1187 1393 1234 1466 ita
1255 1409 1463 1490 receperunt

481 1501 519 1575 in
543 1504 688 1594 coelum,
710 1524 747 1576 ut
762 1524 855 1577 extra
871 1502 1015 1576 limbum
1036 1524 1095 1574 xu
1119 1505 1288 1600 signorum
1302 1501 1465 1597 'excluse-i

484 1613 565 1687 rint.
581 1613 691 1711 [Sunt
704 1614 773 1685 duo
790 1613 910 1707 h‘oedi,
925 1617 961 1689 &
977 1639 1074 1711 capra
1088 1638 1158 1684 non
1174 1613 1274 1710 longe
1294 1637 1314 1684 a
1328 1617 1465 1702 tauro]

484 1724 593 1824 Quod
618 1723 659 1794 ad
685 1721 846 1794 foeturnm
875 1722 1049 1819 pertinet,
1076 1723 1249 1795 desistente
1274 1723 1466 1795 auciumno

484 1831 626 1929 exigunt
642 1857 659 1902 3
678 1855 777 1931 grege
789 1831 824 1904 in
838 1854 1001 1926 campos,
1015 1828 1131 1903 hircos
1148 1830 1183 1902 in
1204 1830 1366 1926 caprilia,
1380 1829 1465 1903 item
1487 1832 1490 1839 '

484 1941 578 2012 utin
601 1940 761 2012 arietibus
782 1939 919 2012 dictum.
943 1943 1034 2032 Qure
1059 1941 1241 2036 concepit,
1264 1940 1466 2037 postquar-

485 2065 558 2119 tum
585 2047 732 2120 mensem
757 2047 866 2120 reddit
891 2069 1047 2142 tempore
1075 2074 1195 2123 verno.
1219 2054 1257 2122 In
1289 2049 1464 2122 nutricant

485 2155 601 2244 hoedi,
622 2157 801 2229 trimestres
815 2183 893 2230 cum
916 2158 980 2230 fint
993 2157 1095 2246 facti,
1111 2175 1183 2231 tum
1198 2156 1465 2255 submittuntur,

486 2267 524 2338 δι
542 2264 578 2337 in
598 2291 698 2364 grege
715 2265 888 2363 incipiunt
900 2266 973 2340 effe.
986 2266 1083 2360 Quid
1098 2264 1207 2338 dicam
1223 2265 1263 2338 de
1278 2259 1394 2337 earu‘m
1412 2264 1464 2337 sa·

485 2374 612 2468 nitate,
636 2388 712 2474 qu‘ae
732 2403 905 2474 nunqnam
927 2376 1001 2449 sunt
1024 2375 1139 2448 sanae?
1160 2374 1219 2477 nisr¹
1237 2394 1352 2447 tamen
1377 2374 1465 2448 illud

369 2572 376 2597 Ι
487 2511 618 2576 unum,
636 2488 789 2583 quaedam
814 2485 936 2583 scripta
959 2484 1082 2559 habere
1103 2486 1278 2589 magistros
1301 2487 1465 2586 pecorisj

488 2595 612 2692 quibus
638 2595 795 2669 remediis
820 2613 958 2693 utantur
980 2597 1023 2669 ad
1047 2597 1189 2669 morbos
1214 2596 1380 2695 quosdam
1407 2622 1466 2679 ea÷

487 2725 583 2793 rum,
596 2728 636 2776 ac
656 2703 870 2776 vulneratum
887 2731 1030 2801 corpus,
1046 2709 1142 2805 quod
1155 2708 1215 2780 usu
1230 2709 1326 2783 venit
1343 2709 1384 2782 iis
1403 2709 1465 2782 sae-
1508 2758 1509 2763 =

487 2841 552 2914 pe,
573 2817 669 2916 quod
683 2817 772 2890 inter
787 2817 821 2890 s'e
839 2818 1002 2891 cornibus
1013 2812 1191 2916 pugnant,
1210 2838 1308 2917 atqne
1331 2818 1370 2890 in
1396 2819 1465 2916 spi·

487 2924 578 2998 nosrs
601 2925 687 3001 locis
709 2924 898 3022 pascuntur.
912 2926 1135 3022 ¹Relinquitur
1151 2928 1193 3023 de
1215 2951 1387 3016 numero,
1403 2928 1465 3027 qui

487 3033 524 3106 in
551 3036 708 3134 gregibus
733 3035 780 3107 est
808 3036 924 3108 minor
946 3036 1112 3132 caprino,
1136 3062 1237 3134 quam
1261 3036 1299 3109 in
1321 3037 1465 3130 ovillo,

488 3141 584 3236 quod
605 3162 713 3234 caprae
738 3140 894 3229 lascivae,
909 3145 946 3214 δι
965 3143 1250 3243 quaedispergant
1272 3143 1315 3218 fe.
1341 3158 1464 3219 cobtra

488 3270 602 3338 oves,
616 3274 695 3346 quae
709 3248 741 3320 se
760 3270 994 3351 congregent,
1012 3277 1051 3325 ac
1072 3252 1301 3326 condensent
1292 3281 1330 3327 m
1345 3255 1464 3329 locum

427 3353 429 3358 ’
489 3384 610 3432 unum.
630 3360 767 3457 Itaque
758 3385 794 3431 m
814 3385 896 3458 agro
912 3360 1050 3432 Gallico
1071 3387 1187 3459 greges
1207 3362 1324 3459 piures
1348 3365 1464 3461 potius
1503 3438 1505 3442 .

487 3469 620 3543 faciunt
629 3495 754 3568 ,quam
777 3472 1079 3570 magnos,quod
1071 3500 1106 3544 rn
1128 3473 1255 3572 magnis
1278 3473 1353 3552 cito
1378 3474 1464 3562 exsrf

488 3578 551 3650 ssat
573 3579 787 3674 pestilentia,
810 3604 886 3677 quae
908 3581 950 3653 nd
970 3580 1156 3677 perniciem
1182 3606 1259 3654 eum
1287 3584 1466 3678 perducat:

488 3689 574 3764 Satis
593 3715 752 3788 magnum
771 3714 903 3788 gregem
918 3710 1039 3786 putant
1060 3691 1124 3764 effe
1143 3692 1278 3766 circiter
1292 3694 1465 3818 quinquo·

490 3820 602 3896 genas.
623 3798 746 3896 quibus
764 3799 910 3871 affentiri
934 3816 1054 3895 putant
1082 3802 1139 3890 id,
1161 3803 1258 3899 quod
1282 3802 1466 3876 usuvenit

490 3908 642 3981 Gaberio
661 3907 769 4008 equiti
786 3910 828 3981 R
846 3910 1004 4000 Isenim,
1020 3936 1096 3986 cum
1109 3910 1144 3983 in
1160 3911 1357 3999 suburbano
1372 3913 1466 3984 mille

490 4017 641 4120 jugerum
658 4020 817 4113 baberet,
825 4023 868 4097 &
884 4046 904 4095 a
920 4022 1074 4123 caprario
1092 4002 1265 4142 quodam,
1276 4047 1339 4121 qut
1327 4022 1465 4105 addu-
