3509 5084
594 605 1036 675 PRAEFAcro.
1224 579 1297 681 xix

327 764 432 841 nobis
451 762 518 853 est,
532 763 629 860 quod
647 778 703 835 tor
717 780 827 835 tamen
842 762 979 836 codices
993 778 1125 836 aetatem
1146 763 1266 840 tulere.
1281 785 1298 830 ⁴

326 868 586 950 Commemorat
602 870 714 968 plures
728 869 914 963 Fabricius,
924 874 961 946 δι
975 871 1010 947 in
1026 871 1078 945 his
1092 872 1239 968 primum
1254 899 1299 949 ex

246 1054 250 1065 .
331 989 395 1062 fide
406 984 574 1084 Menagii.
587 984 647 1083 qui
663 986 704 1057 ad
718 984 916 1082 Diogenem
930 986 1099 1058 Laertium
1112 1012 1145 1082 ρ.
1163 1007 1207 1084 54
1218 987 1300 1062 edit.

333 1099 451 1175 Wetst.
470 1098 586 1170 laudet
606 1090 832 1170 Columellam
855 1097 1048 1171 monasterii
1063 1097 1298 1193 Corbejenfis,

329 1212 389 1311 qui
411 1202 520 1283 hodie
534 1207 659 1283 Paridis
681 1196 867 1281 asservatur
880 1206 916 1289 in
936 1206 1145 1283 bibliotheca
1158 1213 1189 1283 S.
1209 1213 1301 1284 Ger·

328 1319 425 1394 mani
451 1319 491 1390 de
514 1316 629 1414 pratis.
657 1319 759 1392 Hunc
786 1315 928 1389 eundem
957 1335 1069 1412 puto,
1092 1343 1192 1418 quem
1220 1319 1300 1397 Nic.

331 1423 489 1500 Heinfius
509 1422 594 1522 sepe
617 1425 729 1499 laudat
751 1424 793 1498 ad
814 1421 1006 1509 Ovidium,
1026 1425 1117 1498 unde
1142 1425 1303 1524 plurimas

333 1533 438 1630 ipfius
466 1526 790 1607 observationes&
820 1530 1076 1606 emendationes
1102 1533 1303 1629 depromere

334 1646 390 1720 Cl.
403 1642 634 1742 Schoettgenio
657 1645 696 1717 δι
717 1639 800 1714 mihi
818 1639 925 1727 licuit.
942 1642 1039 1736 Quin
1056 1662 1113 1717 aut
1128 1632 1303 1719 valde’fal·
1420 1665 1422 1673 ’

334 1757 413 1844 lor,
427 1771 485 1828 aut
503 1751 594 1826 idem
608 1751 656 1825 est
670 1751 850 1826 Goefianus
869 1749 949 1841 ille,
970 1754 1097 1852 dequo
1116 1755 1238 1828 deinde
1250 1757 1305 1830 di·

335 1881 441 1938 cetur.
464 1859 578 1959 Pergit
596 1860 650 1933 Cl.
672 1858 867 1934 Fabricius:
888 1862 963 1932 Alii
983 1887 1042 1935 tres
1062 1868 1164 1937 MSS.
1180 1867 1302 1968 exstant

336 1975 375 2043 in
396 1970 576 2047 bibliotheca
598 1971 752 2039 Medicca.
774 1967 909 2039 Horum
931 1993 1004 2040 uno
1026 1968 1202 2067 alteroque
1226 1970 1303 2043 usus

336 2077 430 2152 forte
449 2075 496 2150 eil
514 2075 641 2150 amicus
661 2075 716 2148 ille
734 2077 932 2148 Pontedera
954 2075 1177 2152 &literarum
1191 2081 1304 2152 Geor·
1356 2138 1362 2148 .

339 2189 426 2287 gius.
445 2187 544 2281 Quin
566 2186 721 2284 suspicari
741 2184 791 2258 fas
807 2184 876 2273 est,
892 2185 928 2256 in
950 2186 1114 2261 Mediceis
1136 2184 1306 2263 numerari

345 2319 441 2370 nunc
452 2347 463 2383 ‚
474 2295 514 2368 &
523 2292 597 2387 jure
609 2296 764 2394 quidem,
777 2292 935 2383 eosdem,
949 2293 1072 2389 quibus
1082 2295 1131 2367 usi
1145 2296 1308 2392 suntpri·
1327 2355 1348 2373 ,.

342 2429 405 2478 mo
426 2403 572 2502 Angelus
585 2405 791 2495 Politianus,
803 2428 843 2477 ac
856 2403 931 2500 post
944 2427 1022 2476 eum
1035 2406 1092 2477 Pe.
1106 2403 1280 2479 Vidorius
1294 2458 1306 2495 ,

339 2515 487 2615 quod&
499 2514 606 2611 ipsum
621 2515 658 2588 in
669 2511 767 2609 hujus
782 2510 943 2587 editionis
956 2534 1118 2608 apparatu
1131 2513 1196 2589 erit
1210 2538 1306 2588 corn·

340 2623 610 2699 memorandum.
632 2623 691 2695 De
706 2620 770 2692 illo
793 2619 930 2719 quidem
955 2622 1019 2696 vix
1036 2621 1179 2711 dubito,
1203 2648 1305 2721 quem

341 2753 497 2832 quartum
517 2750 692 2823 numerat,
705 2752 752 2806 ac*
766 2731 919 2805 Veneriis
936 2730 1065 2805 exstare
1079 2731 1162 2806 dicit
1176 2732 1230 2805 Cl.
1244 2728 1312 2805 1²21-¹

342 2841 467 2918 bricius
488 2844 526 2917 in
543 2841 751 2916 bibliotheca
768 2844 800 2916 S.
815 2840 945 2934 Marci,
962 2842 1109 2914 eundem
1130 2840 1214 2928 effe,
1235 2864 1307 2934 quo

343 2951 518 3024 duumviri
531 2950 641 3024 modo
653 2950 777 3025 laudati
785 2951 838 3024 usr
851 2950 946 3037 sunt,
961 2972 1025 3020 nec
1040 2945 1195 3020 Venetiis
1212 2971 1310 3044 quac·

344 3061 510 3149 rendum,
526 3057 582 3133 sed
602 3060 804 3151 Florentia,
825 3058 915 3155 apud
937 3056 1066 3132 sodales
1085 3054 1174 3131 Divi
1198 3055 1311 3133 Marci

344 3167 452 3267 (nam
465 3171 504 3246 &
518 3170 712 3248 ibiculitur
725 3169 982 3270 Evangeliilm)
1005 3168 1064 3242 vel
1078 3168 1114 3240 in
1133 3166 1202 3266 ipsa
1223 3169 1311 3242 adeo

347 3279 521 3354 Medicea:
535 3281 578 3355 de
592 3280 715 3381 quinto
729 3277 837 3374 enim,
850 3280 910 3379 qui
932 3276 1254 3378 Augustinianorum
1278 3280 1312 3351 S.
1366 3277 1369 3280 ’

390 3511 421 3568 4.
438 3490 576 3557 Laudant
591 3494 676 3560 Febr.
696 3495 728 3558 B.
745 3495 808 3556 Lat.
856 3496 896 3555 ite
908 3493 1072 3570 est,mir0r,
1084 3493 1311 3572 quifarlumfit‚
1333 3560 1335 3565 ,
1432 3524 1438 3533 ·

348 3573 385 3635 T.
400 3593 429 3636 2.
451 3592 482 3652 p.
500 3573 568 3638 680.
588 3575 688 3639 locum
709 3574 809 3653 Poggii
856 3587 991 3652 utneque
1008 3575 1095 3654 primi
1115 3573 1311 3655 typographi,

348 3652 508 3716 Florentini
520 3675 566 3727 ‚ex
584 3659 702 3738 dialogo
716 3657 809 3719 dein·
856 3676 950 3734 neque
975 3655 1099 3736 Angelus
1122 3657 1280 3719 Politianus
1299 3699 1309 3729 ,

348 3735 489 3798 felicitate
507 3737 671 3815 Principum
684 3787 692 3815 ,
703 3740 753 3800 ubi
765 3737 806 3798 in·
856 3756 952 3816 neque
961 3739 1122 3813 Victorius,
1135 3741 1196 3814 ejus
1210 3736 1251 3793 rei
1262 3733 1313 3797 ali·
1425 3746 1434 3757 ¹

349 3829 391 3877 ter
408 3818 543 3883 inventus
554 3822 592 3884 ab
609 3821 660 3882 illo
671 3825 809 3885 auctores
859 3839 947 3898 quam
974 3822 1155 3881 mentionem
1183 3816 1312 3882 fecerint.

349 3896 491 3975 Latinos,
507 3903 641 3980 quiante
663 3903 811 3965 detrunca-
860 3902 940 3978 Quid
961 3901 1139 3964 fiMediceae
1158 3895 1321 3961 bibliothe:
1422 3964 1426 3983 .

349 3981 374 4040 ti
391 3982 420 4042 dc
438 3983 586 4047 deformes
602 3997 704 4061 erant,
726 3984 813 4045 etiam
862 4001 903 4044 cae
920 3983 1058 4062 Poggiani
1068 3980 1109 4040 illi
1125 3977 1239 4058 codices
1255 3981 1313 4052 Coff

352 4060 520 4128 Columella
533 4066 665 4147 ponitur.
681 4066 770 4145 Quod
792 4064 814 4128 fi
862 4063 989 4128 lumellae
1002 4061 1073 4122 illati
1088 4057 1175 4124 suntl

953 4154 1122 4232 'b2
