3509 5084
448 563 498 664 58
595 562 1291 638 ueoactus·cnto

445 725 533 800 vites
547 724 769 822 ablaqueato,
784 728 821 799 dt
835 725 974 823 fignato.
995 712 1112 796 earum
1122 723 1250 795 radices
1265 722 1409 797 circum·¹

445 833 568 919 secato,
580 836 618 905 dt
632 854 786 931 purgato.
799 834 932 905 Vetatri
943 834 1070 908 radices
1085 834 1291 907 contundito
1304 833 1340 906 in
1354 837 1409 932 pi·
1453 869 1455 873 ·

441 943 495 1032 la,
514 969 568 1016 eas
588 945 715 1018 radices
734 946 815 1017 dato
839 945 967 1017 circum
991 945 1108 1018 vitem.
1135 948 1172 1019 δι
1193 945 1320 1019 stercus
1342 971 1406 1019 ve·

443 1072 513 1144 tus,
527 1058 564 1128 dt
587 1055 735 1128 cinerem
758 1075 927 1146 veterem,
941 1058 979 1130 dt
1001 1058 1081 1129 duas
1100 1074 1208 1152 partes
1227 1076 1323 1128 terrae
1337 1057 1406 1131 cir·

443 1164 602 1263 cumdato
625 1165 750 1238 radices
772 1165 861 1237 vitis.
883 1185 1003 1235 terram
1018 1164 1152 1260 insuper
1165 1162 1307 1256 injicito.
1327 1166 1407 1236 Hoc

442 1275 564 1346 vinum
583 1274 729 1345 seorsum
746 1272 861 1369 legito.
884 1272 917 1361 Si
940 1272 1037 1343 voles
1050 1271 1183 1343 servare
1200 1270 1236 1340 in
1256 1270 1404 1343 vetusta·

441 1400 533 1471 tem,
555 1384 597 1454 ad
618 1383 732 1454 alvum
763 1380 970 1453 movendam
990 1379 1154 1467 servato,
1177 1403 1240 1452 nec
1261 1381 1404 1455 commi·

441 1490 531 1563 sceas
547 1516 622 1562 cum
634 1511 749 1563 cetero
765 1490 860 1562 vino.
870 1490 927 1561 De
940 1514 983 1560 eo
993 1489 1077 1560 vino
1090 1488 1254 1586 cyathum
1267 1488 1418 1593 sumito,
1485 1477 1487 1483 ⁵

442 1603 482 1674 dt
504 1599 642 1672 misceto
658 1625 764 1694 aqua,
779 1602 816 1699 .&
832 1600 941 1671 bibito
956 1617 1033 1672 ante
1047 1623 1194 1674 coenam.
1214 1600 1294 1672 Sine
1313 1600 1404 1696 peri·

440 1706 521 1780 culo
541 1707 655 1777 alvum
677 1707 845 1780 movebit.
1498 1704 1500 1711 ¹

487 1820 598 1890 CXV.
621 1823 658 1889 {n
674 1820 793 1891 vinum
809 1819 961 1891 mustum
974 1820 1101 1893 veratri
1116 1821 1181 1893 atri
1193 1819 1402 1916 manipulum

423 1945 426 1950 ’
440 1926 606 2019 conjicito
622 1928 657 1998 in
671 1929 883 2021 amphoram.
897 1929 955 2000 ubi
970 1928 1048 2003 satis
1060 1930 1251 2020 efferveti't,
1263 1931 1304 2001 de
1316 1930 1404 2003 vino

438 2035 648 2129 manipulum
667 2035 796 2126 ejicito,
811 2036 846 2108 id
862 2038 982 2109 vinum
994 2037 1128 2109 servato
1141 2040 1182 2110 ad
1196 2038 1312 2110 alvum
1326 2062 1402 2111 mo·

420 2147 595 2219 'vendam
617 2148 744 2218 Vinum
766 2147 806 2219 ad
824 2147 941 2221 aivum
963 2150 1170 2223 movendam
1193 2149 1404 2223 concinnate

436 2253 463 2328 st
483 2255 598 2329 voles:
617 2244 705 2330 vites
726 2283 801 2329 cum
820 2258 1127 2357 ablaqueabuntut,
1141 2259 1271 2358 signato
1289 2259 1400 2331 rubri-

436 2393 498 2455 ca,
518 2391 559 2438 ne
574 2367 755 2441 admisceas
773 2380 850 2441 cum
864 2388 980 2445 cetero
993 2364 1092 2445 vino.
1112 2370 1211 2443 Treis
1224 2370 1404 2444 fasciculos

436 2476 563 2573 veratri
578 2477 640 2548 atri
653 2478 908 2578 circumponito
922 2480 1049 2552 circum
1064 2477 1210 2566 radices,
1225 2481 1263 2553 δι
1279 2498 1401 2553 terrant

435 2583 572 2680 insuper
585 2584 727 2675 injicito.
742 2588 804 2658 Per
817 2586 1024 2661 vindemiam
1038 2587 1080 2660 de
1094 2588 1134 2660 iis
1151 2587 1293 2677 vitibus,
1305 2591 1405 2686 quod

437 2689 621 2786 delegeris,
648 2690 795 2764 seorsum
820 2691 979 2780 servato,
1002 2693 1202 2790 cyathum
1193 2720 1229 2764 tn
1255 2716 1400 2767 ceteram

435 2799 616 2897 potionem
632 2799 764 2888 indito,
778 2800 894 2875 alvum
908 2802 1086 2911 movebit,
1100 2805 1138 2876 δι
1149 2801 1309 2899 postridie
1323 2828 1400 2901 per·

436 2907 592 3008 purgabit
613 2896 681 2982 stne
702 2909 866 3006 periculo.

475 3023 612 3095 CXVI.
635 3023 769 3096 Lentim
789 3022 969 3120 quomodo
995 3020 1120 3095 servari
1145 3039 1312 3119 oporteat.
1335 3027 1402 3096 La·

436 3130 610 3227 serpitium
635 3152 733 3205 aceto
758 3132 906 3258 diluito,
930 3132 1130 3227 permisceto
1157 3132 1273 3204 lentim
1301 3152 1399 3213 aceto

436 3239 660 3338 laserpitiato,
673 3244 717 3316 δι
731 3241 867 3338 ponito.
876 3243 914 3313 in
937 3242 1017 3314 sole.
1040 3240 1157 3314 Postea
1178 3239 1296 3313 lentim
1317 3243 1402 3314 oleo

435 3349 644 3448 perfricato,
669 3350 770 3425 stnito
792 3349 983 3442 arescat,
974 3369 1021 3424 tta
1052 3350 1182 3450 'ntegra
1213 3350 1401 3426 servabitur

434 3464 562 3538 reue.
650 3460 655 3469 ’
706 3510 709 3515 -

445 3574 630 3645 ..cxvlt
653 3573 751 3645 Oleae
770 3574 855 3646 albae
875 3485 1160 3670 quemadmodum
1184 3569 1401 3646 condiantur.

437 3683 673 3778 Antequam
640 3707 744 3778 nigrae
767 3681 1257 3772 fiant,contundantur,&1n
1276 3705 1398 3776 aquam

437 3790 661 3887 dejiciantur,
676 3791 798 3863 crebro
816 3815 937 3885 aquam
958 3808 1076 3864 mutet.
1098 3790 1234 3874 Deinde
1252 3786 1309 3859 ubi
1324 3787 1403 3862 satis

439 3920 614 3974 maceratae
633 3916 754 3987 erunt,
766 3899 1000 3995 exprimat,&
1016 3899 1051 3970 in
1066 3915 1197 3973 acetum
1217 3891 1404 3987 conjiciat,
1484 3984 1487 3988 ι

438 4010 606 4099 &oleum
623 4011 742 4121 addat,
755 4007 829 4085 salis
844 4007 996 4085 selibram
1008 4010 1049 4084 viu
1065 4005 1221 4084 modium
1236 4003 1406 4082 olearum.
