3509 5084
539 571 628 642 De
677 571 762 640 un
812 545 1171 647 nusrrc‘r.
1308 602 1353 674 59

390 730 601 804 foeniculum
615 730 840 805 &lentiscum
854 730 1000 803 seorsum
1019 734 1144 806 condat
1158 733 1192 804 in
1207 750 1356 810 acetum}

364 867 365 871 ¹
388 842 423 910 Si
438 865 503 912 una
515 836 694 913 admiscere
714 829 829 930 volco,
844 842 915 913 cito
930 841 1056 932 utitor,
1069 844 1104 933 in
1117 845 1356 920 orcuiamcalr

388 967 468 1019 cato
484 948 636 1020 manibus
649 949 755 1022 ficcis.
769 976 847 1021 cum
863 952 913 1023 nri
929 951 1047 1040 voles,
1062 952 1197 1025 sumito.
1289 958 1292 967 '
1373 954 1375 971 ²

437 1059 590 1129 CXVIII.
615 1059 735 1130 Oleam
756 1059 888 1145 albam,
903 1085 1003 1156 quam
1027 1062 1209 1137 secuudum
1231 1064 1355 1136 vinde·

390 1165 492 1238 miam
513 1169 562 1239 uti
579 1168 696 1256 voles,
712 1169 758 1240 src
780 1170 937 1242 condito.
961 1171 1062 1244 Musti
1078 1173 1279 1245 tantundem
1294 1174 1355 1244 ad·
1386 1241 1389 1245 ,

390 1276 482 1364 dito,
496 1297 660 1373 quantum
682 1279 781 1352 aceri.
802 1282 926 1353 Cetera
945 1271 1193 1381 itemcondito
1215 1284 1280 1371 ita,
1302 1281 1354 1357 uti

389 1383 486 1482 supra
505 1386 764 1487 scriptumest·
1138 1442 1140 1451 ·
1219 1400 1222 1403 ’

453 1495 580 1567 CXIX.
608 1497 788 1596 Epityrum
814 1498 947 1590 aibum,
974 1501 1132 1600 nigrump
1154 1503 1355 1599 variumque
1402 1508 1426 1604 ,

389 1598 436 1675 fic
458 1603 574 1680 facito.
594 1609 646 1677 Ex
667 1608 752 1678 oleis
773 1607 879 1696 albis,
894 1608 998 1706 nigris
1020 1611 1190 1709 variisque
1213 1612 1356 1683 nucleos

389 1711 518 1806 ejicito.
532 1716 586 1789 Sic
601 1718 756 1789 condito.
768 1719 958 1792 Concidito
973 1721 1077 1814 ipsas:
1089 1721 1206 1792 addito
1219 1722 1333 1794 oieunr
1342 1771 1355 1806 ‚
1377 1796 1381 1813 ι

389 1843 546 1915 acetum,
570 1827 807 1916 coriandrum,
830 1830 1026 1918 cuminum,
1050 1829 1273 1922 foeniculum,
1294 1851 1355 1900 ru-

389 1949 479 2023 ram,
500 1955 658 2009 mentam.
688 1936 730 2009 in¹
751 1937 904 2012 orculam
928 1938 1096 2031 condito,
1114 1942 1241 2012 oleum.
1257 1939 1358 2035 supra

309 2128 312 2134 .
389 2042 467 2130 fiet,
484 2042 528 2117 ita
549 2047 668 2121 utitor.

439 2155 554 2230 CXX.
576 2158 727 2231 Mustnm
743 2159 767 2230 sr
783 2160 882 2233 voles
896 2177 1010 2233 totum
1025 2185 1150 2232 annum
1164 2158 1305 2244 habete,
1319 2156 1357 2229 in

389 2267 590 2360 amphoram
608 2269 753 2341 mustum
771 2269 907 2359 indito,
921 2271 961 2345 &
982 2269 1146 2341 corticem
1165 2262 1358 2362 oppicato,

389 2375 561 2450 demittito
583 2378 620 2449 in
643 2379 816 2474 piscinam.
851 2379 929 2474 post
955 2399 1054 2450 XXX.
1082 2377 1172 2450 diem
1199 2373 1360 2448 eximito.

390 2491 502 2555 totum
521 2512 646 2558 annum
666 2488 810 2560 mustum
826 2488 899 2561 erit.
1060 2541 1062 2544 ψ

359 2675 362 2685 Ι
450 2593 581 2668 CXXI.
612 2595 802 2669 Mussaceos
829 2596 874 2671 stc
903 2595 1021 2671 facito.
1048 2595 1175 2668 Farina
1198 2591 1358 2691 fiiigilneae
1438 2642 1448 2694 Ι-

389 2704 542 2777 modium
560 2733 664 2778 unum
684 2708 794 2780 musto
818 2709 1047 2805 conspergite.
1070 2705 1229 2793 Anisum‚
1249 2703 1360 2778 cumi-

388 2840 492 2899 num,
511 2815 618 2912 adipis
640 2823 674 2892 'n
699 2839 742 2888 11.
761 2818 848 2892 casei
871 2820 1015 2909 libram,
1038 2822 1077 2892 δι
1093 2821 1134 2890 de
1150 2819 1246 2913 virga
1271 2813 1359 2888 lauri
1462 2840 1464 2847 ·

391 2924 569 3012 deradito,
582 2929 701 2999 eodem
716 2928 843 3001 addito.
856 2933 899 3000 Et
912 2930 971 2999 ubi
983 2927 1163 3000 definxeris
1172 2980 1185 3013 ,
1200 2925 1284 2996 lauri
1300 2923 1359 2995 fo·
1394 3014 1398 3021 Ι

390 3031 438 3103 lia
459 3031 576 3104 subtus
594 3037 728 3127 addito,
746 3063 823 3110 curn
843 3060 985 3134 coques.
1071 3064 1073 3068 ·

420 3143 581 3215 CXXII.
607 3147 734 3219 Vinum
754 3147 1022 3237 concinnare,fi
1042 3146 1165 3220 lotium
1185 3142 1358 3218 difficilius
1454 3243 1457 3254 Ι

389 3252 553 3325 transabit.
576 3257 773 3352 Capreidam
784 3312 799 3348 ‚
812 3259 869 3333 vel
884 3257 1077 3352 juniperum
1096 3254 1302 3329 contun'dito
1319 3251 1356 3322 in

390 3359 479 3456 pila,
498 3361 617 3435 libram
640 3366 750 3440 indito
771 3366 808 3439 in
831 3368 968 3439 duobus
984 3365 1116 3460 congiis
1139 3364 1214 3436 vini
1231 3361 1358 3433 ve'teris

391 3474 429 3547 in
446 3475 524 3548 vase
548 3464 703 3566 aheneo,
720 3477 777 3548 vel
791 3477 825 3547 in
842 3467 1006 3570 plumbeo
1021 3473 1277 3548 defervefacito.
1296 3470 1358 3545 ubi

391 3579 580 3671 refrixerit,
596 3585 630 3652 in
644 3584 813 3680 lagoenam
829 3581 952 3657 indito.
968 3582 1003 3652 id
1014 3571 1111 3655 mane
1121 3579 1255 3676 jejunus
1270 3602 1358 3675 cya-¹

390 3688 487 3769 thum
508 3690 646 3760 sumito.
670 3688 834 3783 proderit.

438 3802 598 3874 CXXIII.
617 3800 745 3873 Vinum
763 3803 805 3874 ad
818 3800 984 3877 ischiacos
999 3802 1043 3876 src
1059 3801 1175 3876 facito.
1191 3802 1248 3873 De
1262 3795 1356 3891 juni·

390 3933 476 4004 pero
495 3909 669 3984 materiam
686 3910 886 4008 semipedem
903 3912 1039 3986 craffam
1053 3908 1229 3984 concidito
1241 3905 1354 3978 minu·

391 4018 467 4096 tim.
495 4024 576 4097 Eam
599 4020 839 4099 infervefacito
866 4041 944 4098 cunr
969 4019 1098 4118 congio
1120 4014 1196 4093 vini
1217 4014 1353 4093 veteris.
1469 4021 1471 4029 '
