3509 5084
502 538 578 645 DE
604 539 674 610 RE
699 539 955 627 RUSTICA
982 543 1078 618 ΗΒ.
1102 548 1128 619 l.
1245 563 1290 647 93

333 697 434 771 mitio
454 698 581 771 eduxit.
607 697 758 774 Alterum
777 697 942 796 collegam
958 717 1074 788 tuum,
1091 721 1148 774 xx
1166 704 1220 777 vit
1235 708 1296 802 qui

334 808 400 880 fuit
414 809 456 881 ad
469 832 569 904 agros
582 807 788 880 dividundos
802 811 996 902 Campanos
1009 863 1020 900 ,
1033 811 1137 884 video
1150 814 1216 888 huc
1230 841 1295 889 ve·

334 918 435 1007 nire,
456 920 521 989 Cn.
546 918 765 992 Tremellium
795 917 972 1006 Scrofam,
994 919 1106 993 virum
1135 910 1294 1005 omnibuc

332 1025 516 1098 virtutibus
537 1026 710 1122 politum,
731 1026 790 1124 qui
818 1028 860 1098 de
889 1027 1091 1125 agricultura
1117 1020 1295 1110 Romanus

331 1136 548 1231 peritissimus
580 1137 796 1236 existimatur.
826 1139 882 1210 An
910 1163 981 1210 non
1006 1137 1105 1232 jure,
1131 1150 1294 1240 inquam?

330 1245 437 1317 Fundi
462 1243 551 1316 enim
573 1242 646 1338 ejus
661 1264 800 1340 propter
822 1245 986 1319 culturam
1000 1245 1201 1340 jucundiore
1216 1254 1293 1348 spe-

331 1355 462 1428 eraculo
478 1354 553 1427 sunt
565 1353 696 1441 multis,
711 1377 810 1448 quam
827 1355 916 1453 regie
933 1355 1040 1451 polita
1054 1358 1194 1434 aedificia
1206 1364 1293 1439 alio·

330 1491 423 1553 rum,
439 1490 518 1538 cum
542 1463 644 1558 hujus
660 1463 838 1560 speciatum
862 1466 1002 1539 veniant
1019 1468 1116 1542 villas
1130 1525 1141 1562 ,
1156 1499 1227 1548 non
1252 1490 1292 1548 ut

331 1575 421 1668 apud
434 1573 633 1662 Lucullum,
650 1592 689 1644 ut
705 1573 844 1653 videant
862 1573 1118 1669 pinacothecas,
1133 1578 1188 1650 sed
1201 1575 1293 1676 opo·
1311 1605 1318 1623 ··

328 1683 497 1782 rothecas,
519 1681 689 1773 Hujusce,
710 1686 857 1778 inquam,
879 1685 1032 1780 pomaria
1054 1685 1179 1760 summa
1201 1689 1291 1764 sacra

329 1793 407 1883 via,
427 1795 485 1867 ubi
500 1820 604 1891 poma
623 1816 798 1886 veneunt,
814 1815 933 1868 contra
946 1822 1081 1870 auream
1101 1798 1293 1897 imaginem.
1368 1838 1370 1843 ·

321 1904 381 1977 ¹llli
400 1905 528 1978 interea
542 1908 583 1978 ad
596 1899 671 1978 nos}
690 1907 732 1977 Et
745 1899 898 1996 ἕποιο,
914 1906 1006 1978 Num
1021 1931 1122 1979 coena
1137 1912 1291 2002 comesa,

328 2009 465 2110 inquit,
479 2013 660 2087 venimus?
674 2039 750 2085 nam
766 2037 838 2084 non
853 2015 890 2086 L.
907 2013 1059 2117 videmus
1077 2016 1291 2105 Fundilium,

328 2120 388 2215 qui
398 2145 462 2192 nos
472 2122 668 2198 advocavit.
681 2123 781 2192 Bono
790 2119 906 2193 animo
918 2117 997 2209 este,
1009 2118 1291 2216 inquitAGRws.

328 2253 406 2299 nam
425 2254 496 2300 non
509 2230 616 2301 modo
638 2255 747 2302 ovum
761 2227 844 2300 illud
857 2227 1020 2300 sublatum
1038 2227 1109 2317 est,
1128 2231 1224 2324 quod
1238 2231 1293 2307 lu·.

329 2337 379 2410 dis
399 2338 603 2412 circensibus
620 2337 793 2412 noviffimi
815 2336 975 2411 curriculi
989 2333 1090 2408 finem
1111 2334 1189 2410 facit
1205 2357 1293 2435 qua-⁴
1366 2370 1368 2375 ·

330 2447 455 2546 drigis,
476 2448 531 2520 sed
546 2475 588 2521 ne
609 2449 693 2522 illud
710 2448 845 2548 quidem
867 2473 975 2520 ovum
995 2446 1171 2536 vidimus,
1194 2447 1290 2544 quod

328 2550 363 2624 in
387 2555 499 2628 ceriali
514 2582 640 2655 pompa
661 2557 744 2631 solet
765 2557 829 2630 elle
851 2556 1007 2654 primum.
1021 2559 1136 2653 ltaque
1156 2555 1237 2631 dum
1253 2557 1290 2630 id

329 2663 507 2738 nobiscum
528 2692 594 2740 una
614 2665 779 2756 videatis,
801 2692 839 2740 ac
855 2666 950 2742 venit
963 2664 1147 2756 aeditimus,
1166 2666 1290 2741 docere

328 2798 415 2864 nos,
436 2776 640 2875 agricultura
670 2804 770 2876 quam
796 2777 966 2861 summam
987 2777 1133 2864 habeat,
1159 2775 1289 2850 utilita-

327 2904 462 2976 temne,
483 2913 526 2958 an
546 2887 781 2982 voluptatem,
800 2913 842 2958 an
861 2907 1052 2980 utrumque.
1076 2885 1118 2955 ad
1139 2902 1171 2954 te
1195 2885 1288 2959 enim
1373 2897 1375 2901 '

326 2994 443 3066 rudem
467 2995 530 3067 elle
553 2994 768 3089 agriculturae
793 3018 909 3080 nunc,
934 2991 1018 3063 olim
1044 2992 1086 3063 ad
1107 2988 1288 3066 Stolonem

327 3102 422 3179 fuisse
434 3105 559 3178 dicunt.
573 3107 734 3192 ScuorA,
748 3101 859 3193 PriuS,
874 3099 1006 3198 inquit,
1018 3097 1289 3193 discernendum,-

325 3233 440 3285 utrum
462 3240 536 3310 quae
558 3215 706 3288 serantur
722 3215 758 3287 in
777 3238 882 3312 agr0,
903 3238 940 3284 ea
955 3210 1025 3284 sola
1039 3211 1102 3284 sint
1123 3211 1158 3283 in
1174 3211 1290 3284 cultu-r

325 3346 386 3410 ra,
399 3345 442 3392 an
463 3322 563 3395 etiam
584 3350 660 3420 quae
680 3325 884 3407 inducantur
902 3321 938 3392 in
954 3343 1051 3406 ruta,
1066 3337 1104 3392 ut
1124 3342 1231 3408 oves,
1245 3319 1286 3392 &

325 3453 487 3503 armenta.
514 3431 625 3504 Video
646 3435 756 3515 enim,
774 3431 833 3526 qui
852 3429 894 3501 de
917 3427 1121 3524 agricultura
1145 3427 1287 3525 scripse·

298 3562 307 3569 “
326 3566 433 3628 runt,
455 3545 491 3615 δι
508 3541 667 3631 Poenice,
682 3547 720 3616 &
736 3543 880 3629 Graece,
899 3541 937 3613 &
950 3537 1089 3627 Latine,
1103 3537 1203 3610 larius
1221 3565 1285 3611 va·

326 3675 443 3752 gatos,
459 3681 559 3750 quam
576 3652 777 3748 oportuerit.
797 3655 870 3749 Ego
883 3675 992 3742 ver0,
1009 3649 1119 3747 inquit
1131 3650 1286 3742 STOL0,'

327 3788 386 3836 eos
400 3789 472 3836 non
487 3764 523 3836 in
536 3764 632 3838 omni
641 3790 677 3836 re
689 3762 869 3836 imitandos
883 3762 1042 3851 arbitror,
1055 3763 1093 3836 δι
1108 3785 1151 3833 eo
1163 3760 1286 3832 melius'

327 3876 435 3948 fecisse
456 3879 643 3975 quosdam,
667 3877 728 3975 qui
755 3877 888 3949 minore
912 3873 1069 3978 pomerio
1090 3870 1283 3959 finierunt,

326 3986 465 4061 exclufis
483 3987 631 4086 partibus
643 4039 655 4081 ,
668 4012 746 4086 quae
759 4010 833 4061 non
851 3985 1022 4085 pertinent
1042 3982 1085 4056 ad
1100 3983 1187 4058 hanc
1199 4003 1283 4060 rem.
