3509 5084
357 558 384 596 2‘
469 563 810 665 onounarrro
837 560 1109 638 nunninae.
1182 533 1309 641 exim
1417 660 1419 665 Ι
1486 624 1494 635 ,,

703 726 751 794 II.
776 724 830 791 De
853 725 963 793 hortis.

405 851 515 922 Porro
539 846 648 942 ipsum
672 848 714 918 ad
744 845 1001 919 horticulturam
1027 844 1173 919 animum
1203 846 1315 943 ap'pli·⁴

351 959 454 1035 cuisse
474 957 571 1029 telles
590 956 751 1028 habemus
769 975 846 1028 tres.
864 957 1019 1028 Servium
1030 954 1095 1050 jam
1110 958 1316 1034 audivimus.

351 1060 1316 1159 fflfflmdmmmfflfflmmmoem&mmff

352 1174 410 1250 cili
438 1172 582 1269 negotio
612 1169 720 1243 afferri
755 1171 913 1267 possent,
938 1170 992 1242 sed
1021 1170 1105 1242 nihil
1127 1198 1169 1244 ex
1201 1174 1316 1248 iisdem

353 1281 521 1379 amplior,
542 1303 642 1376 quam
673 1302 749 1375 quae
780 1275 846 1372 jam
875 1277 968 1365 dixi,
989 1278 1206 1374 conspicitur.
1230 1282 1317 1355 Ter·

351 1391 419 1464 tius
437 1391 484 1461 est
505 1389 745 1477 Caffiodorus,
766 1389 825 1485 qui
845 1412 875 1463 c.
895 1390 937 1461 28
961 1390 1166 1463 Divinarum
1182 1394 1316 1467 Lesbio·

285 1513 289 1517 '
353 1525 436 1572 num
458 1502 525 1572 hoc
549 1499 655 1594 ipsum
664 1497 788 1594 ,elogio
816 1499 954 1571 madar:
975 1503 1075 1595 Quod
1085 1502 1123 1600 fi
1138 1503 1232 1588 hujus
1243 1507 1318 1608 slus

354 1614 404 1680 dii
430 1610 623 1702 requirantur
646 1605 804 1695 audores,
830 1611 867 1678 de
888 1609 985 1677 hortis
999 1607 1125 1706 siripfir
1146 1617 1316 1703 pulcherri-

353 1749 400 1791 me
428 1719 592 1813 Gargilius
613 1718 800 1804 Martialis,
822 1718 876 1809 qui
898 1712 931 1787 ἃ
958 1723 1147 1789 nutrimenta
1175 1725 1318 1811 olerum,

268 1886 271 1893 .
356 1826 389 1901 ἃ
421 1830 548 1901 uirtutes
580 1854 684 1898 eorum
717 1830 881 1922 diligenter
909 1829 1079 1920 exposuit,
1106 1853 1142 1899 ur
1166 1860 1206 1901 ex
1231 1837 1320 1906 illius

356 1935 568 2006 commentarii
598 1931 746 2016 leuiore,
763 1933 924 2032 prensante
954 1935 1102 2005 Domino
1117 1989 1128 2025 ,
1142 1939 1321 2034 ‘unusquis-

355 2070 411 2139 que
431 2041 464 2115 6⁴
476 2044 620 2136 firturari
633 2047 753 2130 valeat,
766 2039 799 2112 δ’
805 2043 932 2132 sartari.
948 2041 1071 2140 Neque
1092 2045 1133 2115 de
1154 2046 1233 2118 solis
1248 2052 1320 2121 ole-

355 2150 450 2224 ribus
471 2167 720 2224 commentatus
739 2148 785 2221 est
807 2149 1076 2244 Gargilius,sed
1093 2153 1134 2223 de
1145 2153 1220 2225 tota
1239 2156 1320 2227 hor·

356 2261 539 2347 ticulrura:
563 2285 639 2332 nam
661 2259 767 2356 ipsum
790 2259 831 2331 de
853 2258 1065 2357 amygdalis,
1086 2263 1253 2354 nucibus,
1273 2267 1321 2339 ci·

356 2368 1318 2472 “QfflwfflQ&ffiMWfflfflffiffiWQffi

256 2488 259 2495 '
327 2484 330 2489 ’
356 2497 427 2550 tem
448 2479 528 2551 citat
545 2479 718 2550 Palladius.
731 2481 890 2550 Ceterum
905 2478 1028 2574 Caspar
1046 2478 1222 2568 Barthius',
1242 2483 1321 2557 Cri·

357 2586 528 2661 ticusnon
550 2587 747 2672 incelebris,
759 2585 900 2667 Advers.
920 2587 985 2682 38,
998 2613 1042 2678 4,
1057 2588 1179 2661 librum
1197 2590 1237 2662 de
1253 2595 1322 2664 Ar·

357 2697 517 2786 boribus,
531 2698 808 2794 quiColumellae
823 2697 1040 2783 adscribitur,
1051 2700 1205 2795 Gargilio
1231 2704 1323 2773 Mar·

359 2807 431 2882 tiali
459 2809 599 2894 tribuit,
622 2807 758 2903 ejusque
785 2806 832 2878 rei
861 2808 974 2879 causas
1001 2808 1037 2878 in
1061 2810 1322 2882 Commentario

359 2923 398 2990 de
410 2921 514 3006 dubiis
532 2922 740 3012 ,scriptoribus
762 2916 794 2988 se
809 2916 989 2988 disseruisse
1008 2916 1123 2990 tradit.
1137 2918 1324 2993 Commen-

360 3027 437 3100 tarii
464 3053 560 3100 vero·
578 3028 627 3098 illi
655 3031 763 3101 lucem
792 3027 959 3120 publicam
983 3024 1136 3096 nondum
1165 3025 1326 3122 adspexe-

360 3156 451 3208 runt.
480 3138 707 3231 Quaecunque
737 3158 823 3206 vero
852 3132 915 3204 sint
939 3134 1088 3206 rationes
1115 3135 1327 3230 Barthianae,

292 3260 298 3267 '
338 3289 340 3293 >
360 3268 429 3342 ego
448 3268 569 3319 contra
586 3247 761 3318 ¹rationem
787 3246 897 3319 habeo
919 3271 989 3317 non
1015 3247 1327 3337 contemnendam,

361 3377 443 3449 quae
456 3351 580 3425 librum
608 3355 778 3427 laudatum
809 3354 1013 3426 Columellae
1038 3352 1197 3425 vindicat.
1217 3355 1328 3428 Testi-

360 3458 519 3543 monium
534 3460 659 3532 scilicet
669 3461 808 3533 Palladii
819 3515 830 3548 ,
843 3460 904 3557 qui
915 3459 1141 3531 Columellam
1156 3461 1207 3532 bis
1223 3462 1327 3550 citat,

360 3590 440 3665 quae
459 3566 495 3638 in
519 3566 608 3640 libro
632 3572 674 3641 de
700 3569 887 3643 Arboribus
907 3568 1141 3642 inueniuntur.
1160 3570 1258 3642 Prior
1275 3570 1328 3642 lo·

361 3700 420 3751 cus
432 3676 539 3748 exslat
554 3680 588 3749 in
600 3679 803 3765 Februario,
814 3679 863 3750 tit.
882 3701 942 3751 10:
957 3684 1070 3751 Ulmus
1092 3686 1259 3752 Columella
1273 3683 1328 3751 li·

364 3790 407 3858 cir
422 3789 601 3882 seminario
625 3795 724 3861 debere
746 3793 871 3863 nutriri.
899 3793 982 3863 Haec
1007 3789 1136 3862 exstant
1163 3788 1239 3858 libri
1261 3788 1328 3877 jam

363 3896 441 3968 diei
463 3923 492 3969 c.
518 3903 572 3972 16.
593 3898 747 3970 Alterin
769 3899 938 3992 ¹Odlobri,
956 3901 1006 3971 rit.
1034 3893 1205 3994 32Afferir
1227 3923 1329 3968 aurem

367 4012 558 4098 Columella,
576 4011 733 4105 explorari
749 4007 991 4100 secunditatem
1011 4013 1122 4113 uirium
1137 4018 1216 4109 ¹und
1242 4036 1328 4083 anno

387 4147 391 4154 ·
440 4123 556 4215 Script.
577 4122 620 4195 R.
640 4125 682 4194 R.
706 4118 781 4194 Vol.
801 4123 832 4194 1.
1025 4187 1027 4191 ,
1109 4119 1138 4243 'i
