3509 5084
478 506 547 598 184
627 508 678 581 m
700 504 967 597 sensum
992 504 1274 578 vsunours

474 687 545 750 ter,
561 666 584 739 fi
603 667 698 740 aliter
712 665 851 752 feceris,
872 666 904 738 se
917 662 1094 759 recipiunt
1117 662 1177 760 qui
1191 681 1301 736 autem
1318 662 1449 759 postea

475 777 677 867 castrantur,
690 777 765 850 duri
777 779 815 852 δι
828 774 965 848 inutiles
980 773 1077 847 fiunt.
1099 777 1234 847 ltemut
1247 773 1282 845 in
1295 774 1443 872 reliquis

474 891 629 990 gregibus
655 891 845 989 pecuariis,
868 888 1011 963 naeuus
1033 887 1216 984 quotannis
1241 887 1443 978 habendus,

475 1005 515 1075 δι
536 1000 685 1095 rejiculae
704 999 920 1095 rejiciundae,
942 1000 1038 1096 quod
1054 1000 1168 1072 locum
1189 1017 1363 1095 occupant
1382 1025 1443 1072 ea·

476 1137 573 1198 rum,
586 1136 663 1207 quae
675 1110 761 1185 ferre
782 1110 918 1207 possunt
932 1110 1069 1185 fruens.
1089 1109 1123 1181 Si
1131 1135 1213 1205 quae
1225 1107 1333 1182 amifir
1345 1110 1446 1183 vitus

477 1222 573 1307 lum,
592 1219 626 1292 ei
649 1218 837 1317 supponere
859 1239 998 1317 oportet
1018 1244 1101 1309 eos,
1119 1218 1242 1315 quibus
1264 1243 1339 1291 non
1363 1219 1445 1293 saris

446 1334 449 1339 '
478 1329 632 1425 praebent
652 1349 784 1403 matres.
805 1329 1021 1404 Semestribus
1041 1326 1161 1399 vitulis
1176 1324 1348 1420 objiciunt
1367 1326 1447 1400 fur·

478 1438 569 1510 fures
590 1438 757 1530 triticeos,
775 1443 814 1515 &
837 1439 976 1513 farinam
994 1428 1265 1526 ordea'ceam,&
1285 1436 1444 1512 teneram

480 1549 620 1622 herbam
633 1573 642 1619 ε
656 1553 694 1625 &
706 1570 745 1622 ut
762 1551 880 1625 bibant
890 1576 994 1624 mane
1007 1552 1046 1624 &
1063 1548 1216 1645 vesperi,
1228 1567 1360 1621 curant.
1382 1549 1446 1621 De

480 1659 620 1732 sanitate
639 1659 717 1733 sunt
737 1659 1017 1757 complura,quae
1037 1657 1203 1753 exscripta
1221 1659 1263 1729 de
1281 1657 1446 1755 Magonis

479 1768 594 1859 libris,
606 1768 843 1843 armentarium
863 1767 1115 1843 meumerebro
1130 1764 1315 1860 utaliquid
1328 1765 1420 1863 legat
1429 1822 1446 1856 ,

482 1904 578 1953 curo.
598 1870 767 1953 Numerus
779 1879 823 1951 de
836 1877 939 1951 tauris
957 1881 996 1953 δι
1009 1876 1121 1952 vaceis
1134 1848 1179 1952 ic
1195 1876 1390 1962 habendus,
1405 1895 1446 1948 ut

482 1988 521 2061 in
543 1987 731 2086 sexaginta,
743 2012 832 2063 unus
850 1987 890 2060 fit
907 1987 1103 2076 anniculus,
1118 1986 1201 2059 alter
1212 1985 1331 2059 bimus.
1351 1987 1449 2079 Qui-1

482 2100 560 2171 dam
577 2101 702 2172 habent
723 2120 780 2172 aut
801 2099 989 2189 minorem,
1006 2120 1063 2170 aut
1078 2095 1239 2192 majorem
1262 2122 1448 2172 numerum

486 2205 678 2305 {gregum}
700 2208 787 2279 Nam
802 2206 891 2302 apud
904 2231 981 2279 eum
994 2207 1064 2279 duo
1081 2205 1168 2279 tauri
1188 2205 1225 2281 in
1237 2205 1449 2304 septuaginta

483 2320 644 2390 matribus
660 2318 745 2392 sunt.
763 2321 951 2392 Numerum
969 2344 1106 2417 gregum
1126 2318 1207 2392 alius
1227 2317 1308 2392 facit
1328 2319 1452 2392 aliums

484 2426 622 2522 qrridam
637 2429 865 2533 centenarium
883 2430 1054 2504 modicum
1077 2448 1195 2526 putant
1213 2428 1299 2517 effe,
1311 2452 1349 2503 ut
1366 2448 1449 2528 eg0.'

484 2536 617 2609 Atticus
630 2537 891 2634 centumviginti
901 2538 1022 2627 habet,
1033 2557 1071 2612 ut
1086 2537 1263 2612 Lucienus.
1282 2539 1365 2612 Haec
1378 2539 1454 2613 illes

534 2645 592 2714 VI.
616 2647 660 2713 At
681 2648 883 2734 MURRwS,
900 2648 1076 2744 qui,dum
1096 2647 1249 2744 loquitur
1275 2647 1459 2738 VacciuS„

483 2773 564 2822 cum
588 2749 740 2831 Lucieno
761 2751 1033 2850 rediisset,Ego‚
1046 2754 1177 2850 inquit,
1196 2756 1238 2826 de
1257 2751 1353 2826 afinis
1375 2779 1454 2848 pos

484 2857 644 2932 tiffimum
659 2861 791 2951 dicam,
809 2863 989 2961 quodsum
1004 2864 1185 2956 Reatinus,
1200 2863 1259 2936 ubi
1271 2864 1396 2960 optimi
1409 2867 1453 2938 δε

484 2967 623 3041 maximi
651 2969 764 3062 fiunt,
788 2999 808 3047 e
831 2999 904 3071 quo
929 2975 1071 3048 seminia
1093 2999 1160 3073 ego
1185 2976 1242 3049 hic
1264 2977 1453 3071 procreavi

484 3079 619 3173 pullos,
631 3082 669 3153 &
684 3081 761 3177 ipsis
781 3084 966 3158 Arcadibus
984 3087 1123 3158 vendidi
1139 3086 1327 3183 aliquoties.
1343 3087 1452 3183 Igitur

485 3187 655 3260 asinorum
675 3215 810 3288 gregem
829 3194 888 3290 qui
902 3194 1012 3268 facere
1030 3195 1106 3269 vult
1125 3197 1278 3284 bonum,
1296 3196 1451 3290 primum

408 3315 410 3320 ·
484 3295 689 3389 videndum,
704 3319 740 3372 ut
754 3326 860 3375 mares
880 3301 1084 3401 feminasque
1105 3304 1195 3379 bona
1213 3322 1310 3377 aetate
1325 3304 1452 3394 sumat,

483 3406 601 3503 utique
631 3429 790 3507 utquam
811 3411 991 3485 diutiffime
1023 3413 1168 3487 seuerum
1192 3413 1279 3487 ferre
1298 3413 1453 3508 poffint:
1487 3476 1490 3484 ,

484 3514 622 3605 firmos,
644 3521 804 3594 omnibus
824 3521 974 3618 partibus
998 3524 1184 3614 honestos,
1203 3548 1351 3618 corpore
1378 3549 1452 3595 am-

381 3636 384 3643 '
483 3624 570 3722 plo,
597 3627 738 3702 seminio
763 3632 890 3719 bono:
918 3657 961 3704 ex
989 3633 1040 3705 his
1073 3633 1183 3723 locis,
1206 3632 1295 3705 unde
1312 3632 1452 3727 “optimi

485 3755 637 3823 exeunt,
653 3739 754 3840 ¹quod
777 3737 904 3813 faciunt
927 3741 1182 3837 Peloponnesii,
1210 3769 1288 3817 cum
1314 3743 1452 3836 poriffi·

483 3867 576 3914 mum
596 3869 657 3917 eos
670 3871 720 3945 'ex
738 3847 883 3920 Arcadia
896 3873 1027 3935 emant;
1041 3853 1075 3924 in
1091 3853 1184 3926 Italia
1202 3878 1246 3926 ex
1257 3878 1339 3950 agro
1362 3857 1453 3939 Rea·

483 3949 569 4026 tino.
592 3953 678 4029 Non
698 3954 833 4031 enimfi
858 3981 1018 4034 muraenae
1039 3959 1176 4060 oprimae
1198 3961 1290 4038 flutae
1314 3961 1451 4039 suntin
