3509 5084
449 565 521 636 2-4,
603 546 653 619 u
676 544 947 619 rcueuru
971 550 1260 625 vnnnours

446 746 491 795 ex
514 717 589 793 aliis
605 716 749 792 floribus
765 718 810 791 ita
832 741 990 814 carpere,
1004 738 1042 791 ut
1059 718 1123 792 alia
1137 719 1180 792 ad
1202 718 1351 818 lingulas
1365 744 1423 797 res

447 830 600 917 sumant,
613 829 678 901 alia
692 829 731 900 ad
753 827 876 924 plures.
893 854 955 903 nec
971 854 1042 902 non
1058 828 1158 903 etiam
1179 830 1270 902 aliud
1297 831 1420 905 discri-

446 964 525 1014 men
538 938 717 1035 sequantur
737 938 772 1010 in
797 957 971 1036 carptum,
984 958 1042 1012 aut
1065 964 1119 1013 eas
1135 937 1312 1038 sequatur,
1326 943 1419 1018 utin

445 1048 564 1137 melle,
577 1048 671 1146 quod
686 1073 727 1121 ex
741 1047 807 1121 alia
826 1073 863 1120 re
880 1047 1009 1122 saciunt
1031 1048 1194 1144 liquidum
1209 1049 1299 1138 mel,
1319 1073 1359 1125 ut
1371 1079 1419 1127 ex

443 1158 539 1233 fisere
563 1157 673 1233 flore:
694 1183 736 1229 ex
757 1158 821 1230 alia
841 1177 980 1245 contra,
993 1155 1145 1252 spissum,
1158 1176 1197 1230 ut
1212 1184 1327 1232 erote
1342 1188 1419 1235 ma-

444 1270 534 1345 rino.
554 1269 609 1342 Sic
627 1268 749 1342 exalia
769 1293 826 1357 re,
841 1288 879 1341 ut
899 1292 917 1340 e
936 1266 1004 1341 fico
1019 1267 1084 1341 mel
1099 1266 1299 1358 insuave,e
1318 1273 1418 1370 cyti-

442 1380 482 1453 so
504 1360 660 1467 honuni,
681 1404 700 1450 e
728 1380 852 1476 thymo
880 1376 1059 1473 optimum.
1082 1377 1161 1449 Cibi
1186 1403 1288 1473 pars,
1316 1381 1417 1477 quod

442 1493 562 1591 potio,
576 1495 613 1567 &
626 1515 665 1564 ea
676 1491 717 1564 iis
732 1515 816 1587 aqua
831 1490 977 1589 liquida;
993 1489 1082 1561 unde
1095 1487 1289 1561 bibanteffe
1302 1513 1415 1585 opor-

440 1620 510 1690 tet,
525 1623 666 1697 eamque
688 1599 941 1695 propinquam,
962 1623 1039 1694 quae
1058 1595 1360 1692 praeteffluat,aut
1377 1599 1413 1675 in

441 1714 588 1811 aliquem
610 1712 727 1782 locum
748 1708 893 1796 insluat,
911 1710 1006 1780 itaut
1022 1733 1065 1779 ne
1085 1708 1264 1781 altitudine
1288 1710 1413 1785 ascen·

440 1823 498 1895 dat
518 1821 590 1893 duo
609 1837 669 1891 aut
686 1836 754 1890 tres
773 1817 897 1914 digitos
913 1842 923 1887 t
945 1817 981 1888 in
1002 1841 1069 1913 qua
1090 1841 1175 1913 aqua
1193 1815 1330 1911 jaceant
1357 1840 1411 1894 te·

301 1998 305 2005 .
327 1993 330 1999 .
439 1934 520 2022 sle,
539 1947 597 2004 aut
610 1928 715 2024 lapilli
732 1980 743 2016 ‚
758 1926 804 2000 ita
823 1945 860 1998 ut
875 1925 1004 1998 exslent
1016 1926 1177 2022 paulum,
1196 1927 1256 2014 ubi
1269 1930 1410 2005 affidere

437 2044 479 2119 &
497 2040 612 2113 bibere
628 2036 762 2134 possint.
781 2039 818 2107 ln
843 2060 910 2132 qua
930 2035 1103 2132 diligenter
1124 2037 1278 2111 habenda
1300 2064 1409 2131 cura,

437 2170 477 2227 ut
489 2138 576 2247 aqua
590 2147 629 2219 srt
642 2172 750 2243 pura,
765 2145 859 2242 quod
874 2145 917 2217 ad
928 2142 1133 2218 mellificium
1149 2146 1282 2219 bonum
1297 2149 1407 2223 vehe-

435 2280 568 2336 menter
591 2256 734 2352 prodesl.
751 2255 860 2349 Quod
874 2280 945 2328 non
962 2256 1076 2331 omnis
1088 2256 1263 2352 tempestas
1279 2261 1326 2331 ad
1348 2268 1406 2357 pai*

416 2371 522 2469 'stum
547 2367 685 2466 prodire
708 2366 844 2463 longius
868 2365 1010 2463 patitur,
1026 2369 1264 2465 praeparandus
1282 2371 1339 2445 his
1354 2374 1405 2447 ci-

434 2482 522 2570 bus,
541 2495 668 2550 netum
680 2476 963 2572 melle'cogantur
978 2475 1053 2548 solo
1072 2477 1214 2566 vivete,
1227 2496 1287 2550 aut
1302 2481 1403 2553 telin·

348 2646 354 2661 ,
433 2611 539 2686 quere
567 2584 755 2657 exinanitas
779 2586 888 2658 alvos.
912 2584 1019 2682 lgitur
1044 2583 1190 2660 ficorum
1219 2586 1402 2686 pinguium

431 2694 568 2771 circiter
588 2694 703 2765 decem
725 2694 844 2786 pondo
866 2694 1064 2791 decoquunt
1090 2694 1126 2767 in
1144 2703 1243 2794 aquae
1265 2700 1403 2799 congiis

430 2804 519 2894 sex,
548 2827 630 2901 quas
660 2801 773 2874 coelas
799 2801 834 2871 in
860 2800 946 2874 offas
973 2825 1081 2899 prope
1108 2826 1303 2901 apponunt.
1333 2809 1402 2885 Alii

431 2938 552 3012 aquam
574 2910 712 2984 mulsam
729 2910 765 2982 in
783 2908 927 2984 vasculis
946 2935 1055 3007 prope
1078 2936 1116 2985 ut
1137 2914 1177 2994 lit
1197 2938 1336 2993 curant.
1362 2919 1401 2992 in

314 3074 320 3085 -
430 3046 507 3120 quae
528 3019 655 3091 addunt
677 3018 786 3090 lanam
808 3043 1033 3115 purpuream,
1056 3045 1231 3119 perquam
1253 3024 1403 3126 sugant:

428 3156 501 3206 uno
523 3151 677 3226 tempore
702 3154 745 3202 ne
762 3148 846 3227 potu
868 3130 1010 3211 nimium
1030 3129 1252 3226 impleantur,
1272 3156 1334 3209 aut
1355 3161 1401 3211 ne

427 3244 579 3320 incidant
603 3242 637 3316 in
657 3266 790 3338 aquam.
812 3241 951 3339 Singula
973 3242 1053 3316 vasa
1074 3262 1209 3340 ponunt
1229 3247 1274 3320 ad
1297 3248 1400 3339 alvos

356 3360 359 3367 '
427 3357 594 3455 singulas,
612 3359 649 3429 δι
671 3356 733 3429 hac
756 3353 962 3450 supplentur.
984 3354 1052 3427 Alii
1076 3379 1180 3427 uvam
1209 3358 1339 3453 passam
1360 3364 1400 3438 &

425 3467 556 3559 sicum,
577 3491 653 3542 cum
677 3462 868 3563 pinserunt‚
884 3465 1065 3540 affundun
1087 3466 1215 3561 sapam,
1233 3487 1340 3568 atque
1355 3498 1400 3555 ex

387 3640 391 3647 .
424 3604 470 3655 eo
490 3580 590 3653 saslas
610 3579 693 3653 offas
715 3597 893 3674 apponunt
918 3576 989 3665 ibi,
1010 3603 1081 3672 quo
1103 3575 1194 3650 foras
1217 3578 1339 3657 hieme
1360 3585 1399 3659 in

285 3736 292 3743 -
423 3688 584 3789 pabulum
612 3688 797 3785 procedere
821 3706 934 3759 tamen
962 3686 1096 3783 possint.
1124 3688 1213 3759 Cum
1243 3715 1399 3770 examen

340 3838 344 3845 ·
423 3798 594 3877 exiturum
613 3797 678 3886 esi,
692 3798 786 3895 quod
804 3795 881 3869 sieri·
891 3797 993 3886 solet,
1007 3822 1083 3899 culm
1100 3797 1230 3872 adnatae
1247 3804 1402 3904 prospe-

422 3931 461 3981 re
480 3905 552 3979 sunt
566 3907 703 3994 multae,
719 3904 975 4001 ac'progeniem
995 3904 1124 3983 veteres
1149 3905 1310 3983 emittere
1327 3937 1401 3987 vo.

420 4014 495 4092 lunt
509 4017 545 4091 in
569 4017 769 4111 coloniam,
784 4034 821 4091 ut
841 4014 925 4096 olim
940 4017 1062 4092 crebro
1081 4015 1196 4090 Sabini
1208 4015 1401 4111 saffitavez

724 4220 746 4285 θ
