3509 5084
413 610 484 662 222
557 581 1231 686 u.rum‹:urrtvrnnouts
1344 558 1387 621 V
1446 658 1449 671 ,

322 789 325 792 >
411 747 540 847 jiciunt.
562 771 606 821 eo
627 747 718 820 enim
737 764 850 820 totum
865 745 954 818 diem
970 744 1023 836 se,
1040 748 1077 819 δι
1099 744 1211 841 pullos
1225 741 1389 840 pascunt.

411 859 533 960 quiite
552 858 760 946 educantur,
776 856 917 931 celerius
935 855 1131 953 pinguiores
1146 851 1258 941 fiunt,
1277 880 1389 955 quam

345 1049 357 1082 Ι
373 1018 378 1031 =
413 971 494 1060 alii,
514 970 551 1043 &
565 967 790 1043 candidiores.
806 969 961 1040 Parentes
975 992 1092 1039 eorum
1108 964 1291 1055 Romae,s1
1308 963 1390 1037 sunt

349 1155 355 1166 ,
412 1082 576 1171 formost,
589 1083 686 1154 bono
700 1080 841 1168 colore,
855 1078 978 1177 integri
992 1133 1003 1169 ,
1023 1076 1390 1174 boniseminis,.paria

351 1280 355 1290 ¹
411 1191 541 1291 lingula
571 1190 680 1289 vulgo
712 1206 865 1261 veneunt
891 1188 1028 1260 ducenis
1055 1187 1187 1275 numis,
1214 1181 1282 1275 nec
1311 1211 1389 1265 non

412 1300 539 1375 eximia
559 1298 696 1396 singulis
713 1297 865 1371 millibus
881 1321 1046 1384 numum,
1064 1320 1146 1393 quas
1169 1319 1280 1391 nuper
1305 1321 1388 1369 eum

392 1484 399 1495 ,
413 1428 584 1486 mercator
593 1407 679 1481 tami
691 1431 803 1480 emere
817 1406 923 1491 vellet
936 1431 955 1477 a
969 1409 1006 1478 L.
1023 1405 1115 1477 Axio
1125 1460 1136 1495 ,
1148 1405 1263 1501 equite
1278 1407 1389 1510 Rom,

385 1516 560 1597 ¹⁴'‘minoris
588 1517 839 1619 quadringentis
868 1517 1013 1590 denariis
1042 1518 1196 1588 daturum
1230 1516 1389 1611 negavit.

415 1639 539 1710 Axms
555 1685 566 1724 ,
584 1631 619 1702 si
640 1629 767 1725 poffem
790 1653 925 1717 emere,
949 1627 1078 1724 inquit,
1101 1635 1304 1720 περιστερῶνω
1334 1625 1390 1704 fu·¹

415 1746 525 1833 ddum,
549 1737 833 1836 quemadmodum
849 1736 885 1808 in
908 1737 1034 1809 aedibus
1053 1762 1130 1809 cum
1156 1734 1281 1806 habere
1309 1735 1389 1808 vel·

416 1854 504 1937 lem,
524 1847 591 1921 emi
614 1844 727 1921 fidlilia
752 1844 988 1934 columbaria,
1011 1844 1076 1937 jam
1102 1842 1207 1915 iillem
1230 1861 1390 1933 emtum,

416 1965 455 2037 δι
477 1958 630 2034 misrllem
654 1955 697 2029 ad
718 1956 845 2027 villam.
868 1955 974 2048 Quasi
1000 1980 1106 2045 vero,
1128 1953 1239 2049 inquit
1265 1956 1363 2027 Prct
1376 2007 1390 2045 ‚

383 2154 386 2159 ,
416 2099 492 2148 non
509 2072 546 2144 in
565 2069 649 2141 urbe
668 2091 810 2164 quoque
836 2067 900 2139 smt
921 2068 1030 2140 multi.
1046 2068 1099 2139 An
1120 2067 1183 2139 tibi
1204 2065 1390 2140 columba·

416 2182 468 2256 ria
487 2179 546 2275 qui
564 2176 600 2250 in
614 2176 734 2272 tegulis
748 2176 891 2266 habent,
907 2201 980 2249 non
994 2176 1153 2249 videntur
1168 2175 1294 2248 habere
1307 2210 1388 2271 nept-

353 2290 355 2294 ”
418 2301 584 2385 rrrpdvar,
598 2313 674 2362 cum
689 2285 819 2383 aliquot
832 2285 929 2383 supra
949 2305 1083 2361 centum
1097 2286 1241 2359 millium
1257 2286 1390 2359 sexter-

417 2396 504 2469 tium
523 2396 670 2468 habeant
694 2394 981 2468 instrumentum?
1001 2421 1020 2468 e
1042 2396 1140 2494 queis
1162 2394 1309 2489 alicujus
1328 2413 1389 2468 to·

418 2523 491 2578 tum
508 2528 599 2576 emas
613 2503 758 2586 censeo,
777 2505 815 2579 δι
837 2522 1014 2601 antequam
1030 2503 1173 2578 edificas
1198 2529 1299 2595 rure,
1314 2523 1390 2577 ma-¹

418 2633 523 2708 gnum
541 2607 717 2684 condiscas
730 2608 785 2681 hic
798 2609 833 2679 in
849 2609 932 2717 *dhe
945 2610 1100 2707 quotidie
1112 2611 1271 2704 lucrum,
1288 2612 1391 2687 aliem

419 2717 582 2792 semiffem
606 2719 755 2792 condere
777 2719 813 2793 in
831 2721 979 2796 loculos.
1422 2796 1427 2808 ,

468 2833 557 2902 Vlll.
579 2830 669 2904 Tum
684 2834 873 2923 MERULA,
888 2835 992 2933 Perge
1010 2834 1178 2933 deinceps.
1198 2843 1279 2927 Ille,
1298 2838 1391 2910 Tur·

255 2986 257 2991 ·
333 3027 335 3031 ι
419 2939 551 3013 turibus
568 2940 647 3014 item
659 2995 670 3033 ,
681 2942 809 3040 inquit,
823 2943 940 3017 locum
953 2945 1225 3041 constituendum
1240 2947 1393 3045 proinde

419 3077 607 3148 magnum,
636 3078 675 3125 ac
708 3052 960 3125 multitudinem
976 3054 1079 3126 -alere
1107 3056 1217 3141 velis,
1240 3080 1394 3154 eumque

421 3159 529 3248 item,
550 3178 588 3252 ut
603 3161 643 3232 de
661 3161 830 3234 columbis
855 3161 980 3235 didom
995 3162 1043 3234 est
1050 3217 1061 3251 ,
1076 3184 1115 3236 ut
1125 3165 1245 3249 habeat
1264 3165 1393 3238 ostium
1440 3250 1445 3263 ⁴

423 3295 463 3345 ac
484 3267 662 3361 fenestras,
677 3273 715 3344 &
735 3296 857 3368 aquam
880 3289 1017 3366 puram,
1035 3297 1074 3346 ac
1089 3274 1250 3369 parietes,
1271 3301 1314 3348 ac
1339 3301 1393 3350 ca·

292 3367 295 3376 ¹
318 3444 320 3459 ,1
422 3405 531 3457 meras
548 3381 692 3454 munitas
714 3380 871 3454 tedorio.
885 3382 949 3454 Sed
963 3410 1027 3480 pro
1045 3384 1262 3458 columbariis
1276 3385 1314 3467 in
1330 3410 1394 3482 pa·
1460 3461 1462 3469 ,

424 3492 508 3565 riete
527 3493 701 3582 mutulos,
725 3517 781 3566 aut
804 3494 901 3590 palos
927 3493 962 3566 in
982 3495 1158 3580 ordinem,
1177 3494 1274 3589 supra
1299 3519 1393 3592 quos

423 3600 619 3698 tegeticulas
636 3602 833 3673 cannabinae
847 3601 912 3674 smt
930 3601 1106 3699 imposne.
1118 3600 1273 3673 lnfimum
1297 3603 1394 3675 ordi·

425 3732 503 3782 nem
526 3727 666 3807 oportet
683 3709 820 3782 abeffea
842 3728 929 3783 terra
946 3735 1019 3782 non
1040 3700 1150 3783 minus
1173 3728 1239 3794 tres
1262 3713 1394 3808 pedes,

424 3818 514 3893 inter
534 3816 684 3919 reliquos
705 3821 907 3918 dodrantes,
927 3821 1089 3897 asummo
1102 3824 1144 3895 ad
1165 3839 1332 3896 cameram
1352 3823 1395 3898 ad

423 3931 648 4027 semipedem,
676 3955 771 4029 aeque
788 3931 892 4003 latum
910 3957 954 4004 ac-
974 3933 1122 4006 mutulus
1142 3959 1158 4005 a
1181 3932 1310 4028 pariete
1331 3961 1395 4008 ex·

422 4037 508 4116 stare
520 4041 644 4142 potest,
656 4042 691 4118 in
705 4042 827 4143 quibus
841 4042 910 4118 dies
925 4043 1104 4148 nodelque
1117 4043 1313 4144 pascuntur.
1329 4049 1396 4135 Ci-
