3509 5084
456 550 1150 669 ,ununnusrr-ct.
1286 506 1381 665 ιςΙ

360 723 524 809 deerunt,
543 720 699 793 frondem
717 718 875 817 iligneam
898 720 1026 818 legito,
1039 746 1111 793 eam
1129 721 1334 806 substernito

358 834 489 906 ovibus
505 828 693 926 bubusque.
719 831 973 929 sterquilinium
992 858 1149 930 magnum
1172 832 1269 906 stude
1292 852 1334 908 ut
1371 894 1374 905 .

355 943 492 1016 habeas.
521 944 654 1013 Stercus
673 939 790 1011 sedulo
813 939 1007 1027 conserva,
1030 966 1110 1014 cum
1133 946 1333 1040 exportabis
1433 951 1437 959 “

356 1052 506 1151 spargito
529 1056 568 1127 81
585 1050 828 1127 comminuite.
851 1052 916 1123 Per
939 1053 1155 1125 atterumnum
1179 1056 1334 1137 evehitos

353 1164 496 1239 Circum
513 1160 607 1234 oleas
629 1160 869 1235 auflu'mnitare
893 1163 1122 1259 ablaqueato,
1146 1167 1185 1238 &
1205 1165 1332 1245 stercus

356 1274 488 1347 addito.
509 1271 676 1345 Frondem
702 1271 933 1367 populneam‚
959 1273 1127 1362 ulmeam,
1147 1300 1331 1371 querneam

271 1474 274 1481 .
356 1382 507 1471 credito,
521 1404 583 1477 per
598 1399 822 1476 rempuseam
839 1379 1005 1472 condito,
1021 1407 1093 1454 non
1113 1385 1329 1480 peraridam,

356 1493 520 1590 pabulum
540 1490 679 1565 ovibus.
697 1493 780 1563 Item
801 1489 934 1564 foenum
951 1492 1116 1582 cordum,
1132 1494 1329 1573 sicilimenta
1418 1512 1421 1521 ’

353 1603 397 1675 de
414 1619 590 1698 prato,ea
605 1600 698 1673 arida
717 1602 874 1674 condito.
895 1601 975 1675 Post
995 1601 1136 1676 imbrem
1156 1607 1330 1685 anetumni

349 1712 528 1809 rapinam,
547 1710 730 1811 pabulum,
747 1710 971 1808 lupinumque
992 1711 1106 1790 serito.

403 1821 463 1895 Vl.
482 1822 615 1917 Agrum
632 1819 757 1917 quibus
773 1819 861 1893 locis
883 1819 1060 1907 conseras,
1078 1818 1124 1893 fic
1149 1821 1327 1901 observari

352 1951 503 2025 oportet.
523 1931 594 2007 Ubi
611 1955 688 2030 ager
707 1930 854 2016 crassus,
878 1930 915 2002 δι
945 1930 1043 2001 laetus
1067 1929 1113 2001 est
1128 1930 1197 2004 fine
1220 1935 1328 2006 arbo·

350 2035 463 2127 ribus,
477 2064 555 2112 eum
579 2064 694 2135 agrum
710 2035 966 2109 frumentarium
984 2035 1049 2108 esse
1066 2057 1217 2133 oportet.
1232 2042 1327 2125 idem

350 2170 431 2243 ager
444 2144 469 2217 sr
482 2146 665 2221 nebulosus
684 2146 755 2234 est,
775 2171 876 2241 rapa,
891 2145 1079 2240 raphanos,
1094 2145 1249 2239 milium,
1263 2176 1327 2247 pa·
1420 2159 1430 2221 ἶ

291 2256 294 2263 ’
349 2256 467 2329 nicum
482 2256 518 2328 id
530 2256 675 2329 maxime
691 2256 753 2329 seri
763 2272 915 2351 oportet.
933 2258 969 2325 ln
985 2278 1068 2351 agro
1087 2257 1192 2328 crasso
1207 2262 1245 2331 &
1257 2263 1327 2335 cal·

347 2364 401 2437 do
427 2365 538 2439 oleam
566 2365 803 2454 comitivam,
821 2364 951 2438 radium
975 2362 1163 2458 majorem,
1180 2368 1326 2455 Salenti-

349 2498 427 2549 nam
441 2526 453 2561 ,
469 2472 654 2560 orchitem,
668 2469 824 2569 poscam,
839 2474 1035 2569 Sergianam
1054 2473 1298 2551 colminianam
1313 2498 1327 2570 ,·

347 2583 542 2659 albicerem.
563 2586 683 2679 Quam,
701 2610 817 2657 earum
837 2584 871 2656 in
894 2583 944 2658 his
973 2584 1060 2658 locis
1083 2586 1247 2682 optimam
1268 2589 1325 2663 di·

348 2712 428 2766 cent
445 2692 529 2780 effe,
545 2717 617 2765 eam
636 2693 784 2765 maxime
802 2692 916 2768 serito.
936 2694 1015 2778 Hoc
1040 2719 1145 2790 genus
1171 2698 1268 2769 oleae-
1286 2698 1325 2774 in

347 2824 436 2877 xxv
457 2805 563 2877 autin
579 2824 668 2879 xxx
689 2805 792 2902 pedes
812 2805 1000 2880 conserito.
1013 2808 1104 2900 Ager
1126 2804 1222 2878 oleto
1236 2832 1324 2880 con-

348 2914 495 2987 serundo
506 2969 518 3005 ,
531 2915 589 3013 qui
605 2916 642 2989 in
656 2931 796 2989 ventum
814 2914 1006 2989 Favonium
1018 2914 1191 3006 spectabit,
1205 2917 1244 2987 &
1258 2917 1323 2995 soli

257 3066 260 3071 ·
346 3022 503 3099 ostentus
523 3026 607 3115 erit,
622 3026 706 3099 alius
719 3027 832 3100 bonus
845 3025 959 3099 nullus
983 3024 1058 3097 etit.
1072 3022 1144 3115 Qui
1158 3048 1236 3122 ager
1257 3024 1323 3099 fri·

345 3134 460 3233 gidior
479 3141 517 3214 &
541 3139 797 3225 macriorem,
817 3137 864 3210 ibi
886 3136 998 3208 oleam
1025 3133 1236 3209 licinianam
1257 3136 1342 3213 seri·

344 3266 500 3342 oportet.
512 3250 577 3322 ¹Sin
601 3251 638 3323 in
656 3251 739 3323 loco
766 3250 873 3325 craffo
896 3269 954 3320 aut
969 3247 1071 3321 caldo
1094 3247 1236 3335 severis,
1254 3251 1320 3323 ho·

346 3356 417 3431 ssus
433 3383 576 3457 nequam
591 3362 678 3451 erit,
696 3365 735 3435 δι
747 3362 894 3435 ferundo
907 3361 1009 3432 arbor
1028 3360 1171 3465 peribit,
1188 3363 1225 3432 &
1241 3386 1319 3431 mu-
1351 3390 1355 3411 ¹
1444 3390 1447 3397 ·

344 3465 420 3543 scus
438 3471 540 3543 ruber
552 3473 713 3545 molestus
727 3472 802 3545 erit.
821 3472 962 3543 Circum
976 3493 1124 3541 coronas
1139 3472 1319 3542 &circum

344 3579 421 3653 vias
444 3582 559 3656 ulmos
580 3582 700 3668 serito,
714 3580 887 3678 &partim
903 3579 1079 3676 populos,
1093 3580 1144 3651 uti
1159 3578 1319 3651 frondem
1391 3652 1393 3661 ,

346 3692 476 3764 ovibus
496 3692 667 3767 &bubus
687 3691 834 3777 habeas,
857 3690 895 3762 bt
915 3687 1112 3768 materian
1133 3713 1209 3785 quae
1228 3708 1317 3780 opus

345 3798 410 3889 fir,
427 3801 631 3896 parataerir.
651 3800 767 3873 Sicubi
787 3799 822 3870 in
845 3799 899 3870 his
914 3796 1000 3870 locis
1020 3798 1122 3893 ripae,
1138 3816 1196 3867 aut
1219 3794 1335 3868 locus¹

310 3964 315 3979 ,
344 3911 524 3985 Ιιυπιεᾶιιε
545 3911 630 3995 erit,
647 3909 694 3981 ibi
720 3908 898 3984 cacumina
920 3908 1133 4005 populorum
1153 3903 1255 3975 serito
1278 3906 1318 3981 &

342 4020 596 4097 arundinetum.
608 4020 646 4093 ld
659 4019 728 4097 hoc
745 4017 853 4095 modo
867 4018 969 4093 serito
983 4044 993 4093 r
1008 4004 1135 4114 bipalio'⁴
1160 4014 1316 4112 vortito,
