3509 5084
811 555 847 623 V
867 554 893 621 I
903 551 946 621 T
967 555 1014 627 A.
1266 519 1438 633 cxxxvii

468 714 511 792 'te
531 713 684 813 placentis
701 715 920 809 apparandis,
935 710 969 787 b
987 717 1024 784 de
1043 717 1210 786 condendis
1225 723 1331 809 pomis
1345 721 1432 811 seri·

363 866 365 871 ·
464 833 555 934 pfit:
570 834 655 903 omni
670 834 750 902 inre
772 851 808 899 ut
826 833 983 900 excelleret
994 824 1204 927 &fingebatis
1221 825 1310 926 eset,
1329 835 1434 902 clabo-

469 968 555 1016 rans.
572 945 666 1013 Coena
686 958 805 1032 quoque
824 941 966 1008 erarruri
983 939 1165 1010 liberalior:
1180 942 1335 1011 invitabat
1351 946 1433 1012 enim

467 1050 578 1148 etffidttc
590 1046 757 1138 uillisfuis
771 1046 897 1116 vicinos
916 1042 1137 1138 &finitimam
1151 1050 1327 1141 quibuscum
1342 1050 1432 1139 cisa·

465 1164 641 1233 miliaritas
661 1159 858 1228 intercederet.
881 1159 958 1227 Cum
979 1159 1029 1227 his
1046 1160 1170 1228 virebat
1182 1163 1336 1246 hilariter,
1351 1177 1434 1230 erett⁴¹

398 1312 408 1341 ι
464 1298 523 1366 que
538 1271 688 1357 jucunda
700 1266 883 1359 confitetudo
898 1266 966 1354 ejus
981 1263 1014 1337 fr
1030 1292 1173 1360 accepta,
1186 1294 1251 1338 non
1262 1271 1433 1359 equalibus

465 1380 587 1464 modo,
599 1375 661 1469 scd
675 1373 847 1467 juvenibus
868 1363 973 1443 eriam.
1002 1372 1119 1467 Nempe
1140 1380 1309 1445 multarunt
1335 1402 1433 1446 rerum

462 1487 585 1580 peritus
604 1504 685 1568 eret,
699 1482 863 1580 multisque
887 1485 973 1553 rebus
995 1479 1234 1574 &sermonibus
1259 1509 1431 1556 memoratu

465 1596 575 1691 dignis
592 1593 782 1684 inteficera‘t.
796 1594 942 1685 Mensam
956 1597 1101 1686 inprimis
1108 1597 1243 1687 putebat
1252 1589 1305 1690 effe
1317 1596 1433 1662 amiei-

465 1711 515 1779 ria
536 1710 737 1778 concilianda
750 1730 858 1799 aptam
873 1760 882 1789 ‚
897 1732 934 1775 ac
945 1705 1095 1799 frequens
1107 1710 1173 1777 ittie
1194 1708 1335 1776 laudmio
1348 1731 1432 1799 egra-

465 1823 589 1913 giorum
607 1821 748 1887 uirorum
767 1819 1039 1900 introducebatur,
1047 1816 1194 1908 frequens
1215 1818 1306 1885 etiam
1328 1819 1431 1885 malas

467 1950 534 1999 rum
556 1924 590 2001 b
608 1933 815 2020 improborum
838 1931 955 1999 oblivio
968 1954 981 2000 .·
1000 1954 1054 1998 nee
1071 1929 1291 2018 vituperationi
1303 1943 1455 2011 eorum‚'
1503 1975 1506 1978 >

467 2043 519 2110 uei
544 2041 828 2123 commendationi,
846 2040 1044 2130 permittebat
1070 2039 1106 2107 in
1138 2039 1315 2107 conuitium
1328 2035 1430 2128 suurn

470 2149 548 2216 Cato
570 2143 726 2243 accessum.

519 2259 578 2325 Ex
589 2258 722 2349 publicis
741 2252 917 2327 actionibus
933 2251 999 2339 ejas
1021 2254 1213 2322 arbitrantur
1231 2253 1428 2349 noriffimarn

473 2365 672 2458 Carthaginis
690 2367 847 2436 excidium
856 2359 972 2460 fuist,
993 2366 1046 2432 cui
1052 2363 1151 2451 finem
1163 2358 1254 2452 saiio
1278 2363 1430 2453 imposuit

467 2474 648 2566 Africanus
673 2480 799 2562 minor,·
814 2475 943 2573 ‘confilio
966 2471 1000 2546 δ’
1013 2475 1172 2567 sententia
1191 2479 1345 2568 precipue
1368 2478 1428 2544 Ca·

466 2609 509 2656 to.
528 2588 651 2657 Bellum
657 2586 728 2676 suit
746 2614 786 2658 cx
807 2580 1020 2677 hujuscemodi
1040 2586 1209 2685 conflatum
1222 2588 1325 2681 causa.
1348 2588 1429 2656 Cato

468 2691 731 2790 Carthaginem&
748 2700 792 2764 ad
813 2691 1054 2792 Maffieniffam,
1065 2701 1226 2768 Numidia
1244 2723 1338 2790 regem
1347 2748 1360 2782 ,
1375 2698 1429 2790 qui

466 2807 576 2873 bellum
595 2802 717 2893 inrerse
735 2807 899 2897 gerebant,
917 2810 964 2874 ad
980 2806 1192 2896 inspiciendas
1213 2805 1333 2900 diffidis·
1352 2830 1428 2874 cau·

458 2916 517 3007 sas
527 2914 600 3006 feeit
613 2912 729 3011 misus.
748 2922 862 2988 Fuerat'
874 2920 925 2987 hic
942 2928 970 2985 'a-
974 2919 1082 3009 primo
1101 2921 1222 2985 amicus
1236 2919 1348 3007 populi
1359 2920 1427 2986 Ro·
1478 2974 1481 2980 .

469 3025 576 3094 mani:
589 3026 661 3105 illi,
676 3051 696 3092 a
714 3024 863 3117 Scipione
875 3027 953 3094 bello
967 3021 1042 3095 vic'li
1053 3073 1064 3109 ,
1076 3049 1183 3115 pacem
1196 3050 1216 3092 a
1224 3025 1343 3116 populo
1357 3026 1427 3095 Ro·
1511 3081 1515 3088 .

469 3152 562 3201 mano
574 3154 768 3224 acceperant,
789 3137 968 3228 imperiique
992 3135 1166 3205 ademtione
1185 3128 1219 3205 δ’
1236 3136 1327 3229 graui
1338 3133 1427 3207 vafri·

467 3243 533 3337 gaii
540 3241 669 3332 sucrant
690 3242 845 3334 refrenari.
870 3247 1023 3340 Quicum
1045 3262 1113 3316 cam
1134 3235 1315 3349 ciritatem,
1336 3248 1426 3334 non',

463 3375 526 3443 pro
542 3357 650 3444 populi
670 3349 813 3426 Romani
833 3360 998 3449 opinione,
1013 3351 1185 3452 offendisset
1196 3353 1365 3453 affliiiam,
1378 3359 1430 3426 vei

468 3459 655 3551 infradam,
674 3467 778 3534 verum
794 3491 914 3558 magna
938 3465 1111 3549 iuuentutis
1121 3462 1228 3554 fitbolc
1236 3467 1426 3565 florentem,

467 3582 585 3667 magna
611 3573 785 3672 affluentem
813 3577 1002 3666 opulentia,
1032 3576 1118 3644 omni
1137 3581 1247 3668 genere²
1271 3588 1445 3665 annonem,

466 3680 500 3754 δ’
519 3707 674 3776 apparatu
689 3687 796 3757 bellico
816 3683 981 3775 refirtam,
998 3711 1064 3780 qua
1084 3711 1128 3755 res
1151 3689 1261 3757 Panis
1281 3709 1346 3754 non
1364 3710 1428 3754 me·

466 3793 585 3860 dioctes
598 3791 735 3884 spiritus
756 3798 864 3863 darent
874 3821 890 3878 ;
908 3816 1026 3891 tempus
1048 3795 1245 3897 existimabat
1261 3788 1340 3887 esc,
1361 3804 1426 3861 noh

468 3922 503 3969 ut
516 3925 562 3971 res
574 3899 782 3974 Numidia&
796 3901 992 4002 Masaniffa
1005 3927 1215 3997 componerent
1228 3899 1260 3974 ἃ
1272 3900 1426 3992 discepta-

468 4035 533 4083 rent
549 4014 692 4086 Romani
701 4063 713 4107 ,
720 4012 800 4106 sed,
813 4014 876 4118 nifi
886 4017 1040 4090 ciuitatem
1058 4011 1185 4110 oppreffi
1203 4031 1273 4102 ent,
1287 4013 1425 4106 antiqui-
