<?xml version="1.0" encoding="UTF-8"?>
<!DOCTYPE html PUBLIC "-//W3C//DTD XHTML 1.0 Transitional//EN"
    "http://www.w3.org/TR/xhtml1/DTD/xhtml1-transitional.dtd">
<html xmlns="http://www.w3.org/1999/xhtml" xml:lang="en" lang="en">
 <head>
  <title>
</title>
<meta http-equiv="Content-Type" content="text/html;charset=utf-8" />
  <meta name='ocr-system' content='tesseract 3.04.00' />
  <meta name='ocr-capabilities' content='ocr_page ocr_carea ocr_par ocr_line ocrx_word'/>
</head>
<body>
  <div class='ocr_page' id='page_1' title='image "./scriptoresreiru02gesngoog_0341.png"; bbox 0 0 3509 5084; ppageno 0'>
   <div class='ocr_carea' id='block_1_1' title="bbox 463 598 1257 699">
    <p class='ocr_par' dir='ltr' id='par_1_1' title="bbox 463 598 1257 699">
     <span class='ocr_line' id='line_1_1' title="bbox 463 598 1257 699; baseline 0.001 -27"><span class='ocrx_word' id='word_1_1' title='bbox 463 601 539 672; x_wconf 76' lang='lat' dir='ltr'>nr.</span> <span class='ocrx_word' id='word_1_2' title='bbox 564 600 632 671; x_wconf 80' lang='lat' dir='ltr'>na</span> <span class='ocrx_word' id='word_1_3' title='bbox 651 598 912 672; x_wconf 69' lang='lat' dir='ltr'>austrea</span> <span class='ocrx_word' id='word_1_4' title='bbox 936 599 1032 671; x_wconf 77' lang='lat' dir='ltr'>tra.</span> <span class='ocrx_word' id='word_1_5' title='bbox 1058 602 1098 671; x_wconf 91' lang='lat' dir='ltr'>u.</span> <span class='ocrx_word' id='word_1_6' title='bbox 1187 613 1257 699; x_wconf 67' lang='lat'>¹79⁴</span> 
     </span>
    </p>
   </div>
   <div class='ocr_carea' id='block_1_2' title="bbox 247 758 1379 4019">
    <p class='ocr_par' dir='ltr' id='par_1_2' title="bbox 264 758 1379 2610">
     <span class='ocr_line' id='line_1_2' title="bbox 295 758 1257 858; baseline 0.001 -25"><span class='ocrx_word' id='word_1_7' title='bbox 295 760 563 839; x_wconf 79' lang='lat' dir='ltr'>commodlffime</span> <span class='ocrx_word' id='word_1_8' title='bbox 584 758 886 855; x_wconf 86' lang='lat' dir='ltr'>anniculi,utique</span> <span class='ocrx_word' id='word_1_9' title='bbox 908 785 950 831; x_wconf 90' lang='lat' dir='ltr'>nc</span> <span class='ocrx_word' id='word_1_10' title='bbox 972 759 1143 849; x_wconf 89' lang='lat' dir='ltr'>minores,</span> <span class='ocrx_word' id='word_1_11' title='bbox 1156 786 1257 858; x_wconf 87' lang='lat' dir='ltr'>quam</span> 
     </span>
     <span class='ocr_line' id='line_1_3' title="bbox 295 868 1259 969; baseline 0.003 -27"><span class='ocrx_word' id='word_1_12' title='bbox 295 869 486 942; x_wconf 85' lang='lat' dir='ltr'>semestres:</span> <span class='ocrx_word' id='word_1_13' title='bbox 500 894 571 966; x_wconf 88' lang='lat' dir='ltr'>quo</span> <span class='ocrx_word' id='word_1_14' title='bbox 584 868 673 940; x_wconf 65' lang='lat' dir='ltr'>fallo</span> <span class='ocrx_word' id='word_1_15' title='bbox 690 895 814 943; x_wconf 83' lang='lat' dir='ltr'>nomen</span> <span class='ocrx_word' id='word_1_16' title='bbox 836 889 984 958; x_wconf 89' lang='lat' dir='ltr'>mutant,</span> <span class='ocrx_word' id='word_1_17' title='bbox 997 891 1098 969; x_wconf 87' lang='lat' dir='ltr'>atque</span> <span class='ocrx_word' id='word_1_18' title='bbox 1112 898 1130 944; x_wconf 91' lang='lat' dir='ltr'>e</span> <span class='ocrx_word' id='word_1_19' title='bbox 1147 873 1259 945; x_wconf 66' lang='lat' dir='ltr'>verris</span> 
     </span>
     <span class='ocr_line' id='line_1_4' title="bbox 294 978 1259 1071; baseline 0.004 -19"><span class='ocrx_word' id='word_1_20' title='bbox 294 980 357 1052; x_wconf 87' lang='lat' dir='ltr'>bus</span> <span class='ocrx_word' id='word_1_21' title='bbox 370 980 526 1051; x_wconf 88' lang='lat' dir='ltr'>dicuntur</span> <span class='ocrx_word' id='word_1_22' title='bbox 539 978 684 1071; x_wconf 74' lang='lat' dir='ltr'>maiales.</span> <span class='ocrx_word' id='word_1_23' title='bbox 702 981 763 1052; x_wconf 91' lang='lat' dir='ltr'>De.</span> <span class='ocrx_word' id='word_1_24' title='bbox 773 979 908 1051; x_wconf 83' lang='lat' dir='ltr'>sanitate</span> <span class='ocrx_word' id='word_1_25' title='bbox 923 981 1016 1053; x_wconf 88' lang='lat' dir='ltr'>suum</span> <span class='ocrx_word' id='word_1_26' title='bbox 1030 1009 1134 1054; x_wconf 91' lang='lat' dir='ltr'>unum</span> <span class='ocrx_word' id='word_1_27' title='bbox 1149 987 1259 1057; x_wconf 87' lang='lat' dir='ltr'>modo</span> 
     </span>
     <span class='ocr_line' id='line_1_5' title="bbox 294 1087 1261 1182; baseline 0.005 -22"><span class='ocrx_word' id='word_1_28' title='bbox 294 1089 441 1182; x_wconf 81' lang='lat' dir='ltr'>exempli</span> <span class='ocrx_word' id='word_1_29' title='bbox 465 1088 560 1161; x_wconf 84' lang='lat' dir='ltr'>causa</span> <span class='ocrx_word' id='word_1_30' title='bbox 585 1087 706 1160; x_wconf 73' lang='lat' dir='ltr'>(licam.</span> <span class='ocrx_word' id='word_1_31' title='bbox 735 1089 851 1162; x_wconf 84' lang='lat' dir='ltr'>Porcis</span> <span class='ocrx_word' id='word_1_32' title='bbox 873 1090 1119 1164; x_wconf 67' lang='lat' dir='ltr'>lacientibusfi</span> <span class='ocrx_word' id='word_1_33' title='bbox 1147 1091 1261 1166; x_wconf 82' lang='lat' dir='ltr'>scrofa·</span> 
     </span>
     <span class='ocr_line' id='line_1_6' title="bbox 295 1195 1259 1292; baseline 0.006 -26"><span class='ocrx_word' id='word_1_34' title='bbox 295 1195 360 1267; x_wconf 82' lang='lat' dir='ltr'>lac&#39;</span> <span class='ocrx_word' id='word_1_35' title='bbox 374 1221 444 1268; x_wconf 92' lang='lat' dir='ltr'>non</span> <span class='ocrx_word' id='word_1_36' title='bbox 471 1195 588 1291; x_wconf 83' lang='lat' dir='ltr'>potest·</span> <span class='ocrx_word' id='word_1_37' title='bbox 603 1195 833 1292; x_wconf 77' lang='lat' dir='ltr'>suppeditare,</span> <span class='ocrx_word' id='word_1_38' title='bbox 853 1197 1001 1270; x_wconf 89' lang='lat' dir='ltr'>triticum</span> <span class='ocrx_word' id='word_1_39' title='bbox 1028 1197 1159 1269; x_wconf 71' lang='lat' dir='ltr'>frictum</span> <span class='ocrx_word' id='word_1_40' title='bbox 1185 1200 1259 1273; x_wconf 87' lang='lat' dir='ltr'>dari</span> 
     </span>
     <span class='ocr_line' id='line_1_7' title="bbox 295 1303 1260 1405; baseline 0.003 -26"><span class='ocrx_word' id='word_1_41' title='bbox 295 1326 457 1400; x_wconf 84' lang='lat' dir='ltr'>oportet,</span> <span class='ocrx_word' id='word_1_42' title='bbox 474 1303 644 1403; x_wconf 86' lang='lat' dir='ltr'>(crudum</span> <span class='ocrx_word' id='word_1_43' title='bbox 664 1307 752 1377; x_wconf 85' lang='lat' dir='ltr'>enirn</span> <span class='ocrx_word' id='word_1_44' title='bbox 772 1306 874 1378; x_wconf 84' lang='lat' dir='ltr'>solvit</span> <span class='ocrx_word' id='word_1_45' title='bbox 889 1305 1025 1405; x_wconf 88' lang='lat' dir='ltr'>alvum)</span> <span class='ocrx_word' id='word_1_46' title='bbox 1040 1310 1098 1380; x_wconf 89' lang='lat' dir='ltr'>vel</span> <span class='ocrx_word' id='word_1_47' title='bbox 1115 1311 1260 1382; x_wconf 81' lang='lat' dir='ltr'>ordeum</span> 
     </span>
     <span class='ocr_line' id='line_1_8' title="bbox 296 1411 1343 1511; baseline 0.007 -29"><span class='ocrx_word' id='word_1_48' title='bbox 296 1411 403 1506; x_wconf 84' lang='lat' dir='ltr'>objici</span> <span class='ocrx_word' id='word_1_49' title='bbox 420 1438 461 1484; x_wconf 86' lang='lat' dir='ltr'>ex</span> <span class='ocrx_word' id='word_1_50' title='bbox 475 1439 579 1508; x_wconf 65' lang='lat' dir='ltr'>aqua,</span> <span class='ocrx_word' id='word_1_51' title='bbox 596 1417 711 1511; x_wconf 87' lang='lat' dir='ltr'>quoad</span> <span class='ocrx_word' id='word_1_52' title='bbox 719 1413 805 1487; x_wconf 82' lang='lat' dir='ltr'>fiant</span> <span class='ocrx_word' id='word_1_53' title='bbox 822 1416 1008 1491; x_wconf 85' lang='lat' dir='ltr'>trimestres.</span> <span class='ocrx_word' id='word_1_54' title='bbox 1021 1420 1078 1490; x_wconf 90' lang='lat' dir='ltr'>De</span> <span class='ocrx_word' id='word_1_55' title='bbox 1094 1443 1258 1508; x_wconf 88' lang='lat' dir='ltr'>numero,</span> <span class='ocrx_word' id='word_1_56' title='bbox 1341 1428 1343 1433; x_wconf 81' lang='grc'>’</span> 
     </span>
     <span class='ocr_line' id='line_1_9' title="bbox 295 1521 1261 1620; baseline 0.004 -28"><span class='ocrx_word' id='word_1_57' title='bbox 295 1521 333 1592; x_wconf 90' lang='lat' dir='ltr'>in</span> <span class='ocrx_word' id='word_1_58' title='bbox 349 1533 484 1595; x_wconf 88' lang='lat' dir='ltr'>centum</span> <span class='ocrx_word' id='word_1_59' title='bbox 501 1523 571 1594; x_wconf 86' lang='lat' dir='ltr'>sues</span> <span class='ocrx_word' id='word_1_60' title='bbox 584 1524 699 1594; x_wconf 83' lang='lat' dir='ltr'>decem</span> <span class='ocrx_word' id='word_1_61' title='bbox 720 1548 834 1594; x_wconf 85' lang='lat' dir='ltr'>verres</span> <span class='ocrx_word' id='word_1_62' title='bbox 850 1523 925 1596; x_wconf 84' lang='lat' dir='ltr'>satis</span> <span class='ocrx_word' id='word_1_63' title='bbox 942 1524 1008 1594; x_wconf 78' lang='lat' dir='ltr'>elle</span> <span class='ocrx_word' id='word_1_64' title='bbox 1023 1544 1154 1620; x_wconf 59' lang='lat' dir='ltr'>putant,</span> <span class='ocrx_word' id='word_1_65' title='bbox 1178 1524 1261 1620; x_wconf 62' lang='lat' dir='ltr'>qui-</span> 
     </span>
     <span class='ocr_line' id='line_1_10' title="bbox 294 1634 1272 1732; baseline 0.001 -27"><span class='ocrx_word' id='word_1_66' title='bbox 294 1637 372 1707; x_wconf 83' lang='lat' dir='ltr'>‹lant</span> <span class='ocrx_word' id='word_1_67' title='bbox 388 1634 487 1705; x_wconf 86' lang='lat' dir='ltr'>etiam</span> <span class='ocrx_word' id='word_1_68' title='bbox 502 1634 581 1705; x_wconf 91' lang='lat' dir='ltr'>hinc</span> <span class='ocrx_word' id='word_1_69' title='bbox 602 1634 749 1706; x_wconf 90' lang='lat' dir='ltr'>demunt.</span> <span class='ocrx_word' id='word_1_70' title='bbox 764 1637 891 1731; x_wconf 82' lang='lat' dir='ltr'>Greges</span> <span class='ocrx_word' id='word_1_71' title='bbox 911 1634 1056 1726; x_wconf 85' lang='lat' dir='ltr'>majores</span> <span class='ocrx_word' id='word_1_72' title='bbox 1069 1636 1272 1732; x_wconf 73' lang='lat' dir='ltr'>inaquabi-&#39;</span> 
     </span>
     <span class='ocr_line' id='line_1_11' title="bbox 294 1742 1259 1841; baseline 0.004 -25"><span class='ocrx_word' id='word_1_73' title='bbox 294 1744 344 1817; x_wconf 89' lang='lat' dir='ltr'>les</span> <span class='ocrx_word' id='word_1_74' title='bbox 367 1747 501 1840; x_wconf 83' lang='lat' dir='ltr'>habent.</span> <span class='ocrx_word' id='word_1_75' title='bbox 526 1744 588 1824; x_wconf 70' lang='lat' dir='ltr'>feet</span> <span class='ocrx_word' id='word_1_76' title='bbox 605 1768 670 1839; x_wconf 75' lang='lat' dir='ltr'>ego</span> <span class='ocrx_word' id='word_1_77' title='bbox 695 1746 868 1816; x_wconf 88' lang='lat' dir='ltr'>modicum</span> <span class='ocrx_word' id='word_1_78' title='bbox 899 1764 986 1841; x_wconf 90' lang='lat' dir='ltr'>puto</span> <span class='ocrx_word' id='word_1_79' title='bbox 1017 1742 1259 1820; x_wconf 64' lang='lat' dir='ltr'>centenariumc</span> 
     </span>
     <span class='ocr_line' id='line_1_12' title="bbox 295 1849 1379 1954; baseline 0.008 -28"><span class='ocrx_word' id='word_1_80' title='bbox 295 1854 426 1951; x_wconf 81' lang='lat' dir='ltr'>aliquot</span> <span class='ocrx_word' id='word_1_81' title='bbox 453 1849 596 1948; x_wconf 80' lang='lat' dir='ltr'>majores</span> <span class='ocrx_word' id='word_1_82' title='bbox 623 1852 772 1940; x_wconf 89' lang='lat' dir='ltr'>faciunt,</span> <span class='ocrx_word' id='word_1_83' title='bbox 795 1856 900 1927; x_wconf 86' lang='lat' dir='ltr'>itaut</span> <span class='ocrx_word' id='word_1_84' title='bbox 927 1874 978 1926; x_wconf 86' lang='lat' dir='ltr'>ter</span> <span class='ocrx_word' id='word_1_85' title='bbox 1000 1857 1261 1954; x_wconf 78' lang='lat' dir='ltr'>quinquagenos</span> <span class='ocrx_word' id='word_1_86' title='bbox 1377 1931 1379 1935; x_wconf 87' lang='lat'>.</span> 
     </span>
     <span class='ocr_line' id='line_1_13' title="bbox 295 1964 1312 2061; baseline 0.003 -24"><span class='ocrx_word' id='word_1_87' title='bbox 295 1964 448 2037; x_wconf 82' lang='lat' dir='ltr'>habeant.</span> <span class='ocrx_word' id='word_1_88' title='bbox 465 1990 650 2061; x_wconf 91' lang='lat' dir='ltr'>porcorum</span> <span class='ocrx_word' id='word_1_89' title='bbox 664 1981 795 2061; x_wconf 83' lang='lat' dir='ltr'>gregem</span> <span class='ocrx_word' id='word_1_90' title='bbox 807 1965 864 2037; x_wconf 89' lang='lat' dir='ltr'>alii</span> <span class='ocrx_word' id='word_1_91' title='bbox 881 1965 1073 2057; x_wconf 82' lang='lat' dir='ltr'>duplicant,</span> <span class='ocrx_word' id='word_1_92' title='bbox 1087 1965 1142 2036; x_wconf 90' lang='lat' dir='ltr'>alii</span> <span class='ocrx_word' id='word_1_93' title='bbox 1157 1967 1260 2040; x_wconf 85' lang='lat' dir='ltr'>etiarn</span> <span class='ocrx_word' id='word_1_94' title='bbox 1310 1984 1312 1988; x_wconf 71' lang='lat'><strong><em>‘</em></strong></span> 
     </span>
     <span class='ocr_line' id='line_1_14' title="bbox 294 2070 1267 2171; baseline 0.002 -24"><span class='ocrx_word' id='word_1_95' title='bbox 294 2071 458 2165; x_wconf 75' lang='lat' dir='ltr'>majorem</span> <span class='ocrx_word' id='word_1_96' title='bbox 479 2074 618 2147; x_wconf 75' lang='lat' dir='ltr'>faciunt</span> <span class='ocrx_word' id='word_1_97' title='bbox 638 2075 752 2144; x_wconf 88' lang='lat' dir='ltr'>minor</span> <span class='ocrx_word' id='word_1_98' title='bbox 768 2099 870 2171; x_wconf 82' lang='lat' dir='ltr'>grex,</span> <span class='ocrx_word' id='word_1_99' title='bbox 885 2099 987 2171; x_wconf 87' lang='lat' dir='ltr'>quarn</span> <span class='ocrx_word' id='word_1_100' title='bbox 1002 2070 1128 2167; x_wconf 77' lang='lat' dir='ltr'>major,</span> <span class='ocrx_word' id='word_1_101' title='bbox 1139 2074 1267 2149; x_wconf 62' lang='lat' dir='ltr'>minus</span> 
     </span>
     <span class='ocr_line' id='line_1_15' title="bbox 264 2168 1259 2281; baseline -0.003 -22"><span class='ocrx_word' id='word_1_102' title='bbox 264 2168 269 2244; x_wconf 74' lang='lat' dir='ltr'>j</span> <span class='ocrx_word' id='word_1_103' title='bbox 295 2181 505 2274; x_wconf 81' lang='lat' dir='ltr'>sumtuosus,</span> <span class='ocrx_word' id='word_1_104' title='bbox 520 2187 614 2279; x_wconf 91' lang='lat' dir='ltr'>quod</span> <span class='ocrx_word' id='word_1_105' title='bbox 633 2186 777 2257; x_wconf 84' lang='lat' dir='ltr'>comites</span> <span class='ocrx_word' id='word_1_106' title='bbox 795 2183 951 2256; x_wconf 84' lang='lat' dir='ltr'>subulcus</span> <span class='ocrx_word' id='word_1_107' title='bbox 967 2185 1259 2281; x_wconf 78' lang='lat' dir='ltr'>paucioresquae·</span> 
     </span>
     <span class='ocr_line' id='line_1_16' title="bbox 264 2252 1260 2389; baseline 0.006 -28"><span class='ocrx_word' id='word_1_108' title='bbox 264 2252 352 2362; x_wconf 81' lang='lat' dir='ltr'>lrit.</span> <span class='ocrx_word' id='word_1_109' title='bbox 376 2293 490 2388; x_wconf 90' lang='lat' dir='ltr'>ltaque</span> <span class='ocrx_word' id='word_1_110' title='bbox 515 2293 622 2389; x_wconf 82' lang='lat' dir='ltr'>gregis</span> <span class='ocrx_word' id='word_1_111' title='bbox 645 2291 958 2387; x_wconf 84' lang='lat' dir='ltr'>numerum&#39;pastor</span> <span class='ocrx_word' id='word_1_112' title='bbox 978 2291 1020 2362; x_wconf 87' lang='lat' dir='ltr'>ab</span> <span class='ocrx_word' id='word_1_113' title='bbox 1043 2290 1099 2362; x_wconf 84' lang='lat' dir='ltr'>sua</span> <span class='ocrx_word' id='word_1_114' title='bbox 1119 2291 1260 2367; x_wconf 83' lang='lat' dir='ltr'>utilitate</span> 
     </span>
     <span class='ocr_line' id='line_1_17' title="bbox 296 2400 1260 2503; baseline 0.004 -31"><span class='ocrx_word' id='word_1_115' title='bbox 296 2400 491 2489; x_wconf 83' lang='lat' dir='ltr'>constitnit,</span> <span class='ocrx_word' id='word_1_116' title='bbox 512 2426 583 2471; x_wconf 91' lang='lat' dir='ltr'>non</span> <span class='ocrx_word' id='word_1_117' title='bbox 606 2421 642 2473; x_wconf 89' lang='lat' dir='ltr'>ut</span> <span class='ocrx_word' id='word_1_118' title='bbox 663 2405 750 2496; x_wconf 88' lang='lat' dir='ltr'>quot</span> <span class='ocrx_word' id='word_1_119' title='bbox 771 2426 885 2474; x_wconf 86' lang='lat' dir='ltr'>verres</span> <span class='ocrx_word' id='word_1_120' title='bbox 908 2402 1048 2474; x_wconf 84' lang='lat' dir='ltr'>habeat:</span> <span class='ocrx_word' id='word_1_121' title='bbox 1071 2400 1104 2471; x_wconf 93' lang='lat' dir='ltr'>id</span> <span class='ocrx_word' id='word_1_122' title='bbox 1128 2400 1217 2503; x_wconf 88' lang='lat' dir='ltr'>enirn</span> <span class='ocrx_word' id='word_1_123' title='bbox 1238 2427 1260 2476; x_wconf 86' lang='lat' dir='ltr'>a</span> 
     </span>
     <span class='ocr_line' id='line_1_18' title="bbox 298 2511 1170 2610; baseline 0.003 -27"><span class='ocrx_word' id='word_1_124' title='bbox 298 2530 416 2588; x_wconf 83' lang='lat' dir='ltr'>natura</span> <span class='ocrx_word' id='word_1_125' title='bbox 437 2511 643 2585; x_wconf 84' lang='lat' dir='ltr'>sumendum.</span> <span class='ocrx_word' id='word_1_126' title='bbox 668 2515 751 2585; x_wconf 83' lang='lat' dir='ltr'>Haec</span> <span class='ocrx_word' id='word_1_127' title='bbox 767 2515 833 2589; x_wconf 89' lang='lat' dir='ltr'>hic.</span> <span class='ocrx_word' id='word_1_128' title='bbox 1151 2574 1170 2610; x_wconf 20' lang='grc' dir='ltr'>Ι.</span> 
     </span>
    </p>

    <p class='ocr_par' dir='ltr' id='par_1_3' title="bbox 297 2620 1277 3264">
     <span class='ocr_line' id='line_1_19' title="bbox 345 2620 1260 2720; baseline 0.005 -30"><span class='ocrx_word' id='word_1_129' title='bbox 345 2621 389 2691; x_wconf 88' lang='lat' dir='ltr'>V.</span> <span class='ocrx_word' id='word_1_130' title='bbox 408 2621 452 2690; x_wconf 84' lang='lat' dir='ltr'>At</span> <span class='ocrx_word' id='word_1_131' title='bbox 465 2620 509 2710; x_wconf 85' lang='lat' dir='ltr'>Q.</span> <span class='ocrx_word' id='word_1_132' title='bbox 525 2625 722 2694; x_wconf 75' lang='lat' dir='ltr'>Locnauos</span> <span class='ocrx_word' id='word_1_133' title='bbox 735 2623 889 2712; x_wconf 83' lang='lat' dir='ltr'>senator,</span> <span class='ocrx_word' id='word_1_134' title='bbox 903 2624 1013 2696; x_wconf 89' lang='lat' dir='ltr'>homo</span> <span class='ocrx_word' id='word_1_135' title='bbox 1025 2622 1179 2720; x_wconf 89' lang='lat' dir='ltr'>quamvis</span> <span class='ocrx_word' id='word_1_136' title='bbox 1192 2620 1260 2695; x_wconf 56' lang='lat' dir='ltr'>hm</span> 
     </span>
     <span class='ocr_line' id='line_1_20' title="bbox 297 2728 1260 2822; baseline 0.002 -20"><span class='ocrx_word' id='word_1_137' title='bbox 297 2753 436 2820; x_wconf 84' lang='lat' dir='ltr'>manus,</span> <span class='ocrx_word' id='word_1_138' title='bbox 458 2754 497 2802; x_wconf 86' lang='lat' dir='ltr'>ac</span> <span class='ocrx_word' id='word_1_139' title='bbox 521 2728 676 2822; x_wconf 85' lang='lat' dir='ltr'>jocosus,</span> <span class='ocrx_word' id='word_1_140' title='bbox 700 2732 890 2821; x_wconf 90' lang='lat' dir='ltr'>introiens,</span> <span class='ocrx_word' id='word_1_141' title='bbox 911 2732 1083 2807; x_wconf 83' lang='lat' dir='ltr'>familiaris</span> <span class='ocrx_word' id='word_1_142' title='bbox 1104 2732 1260 2804; x_wconf 85' lang='lat' dir='ltr'>omnium</span> 
     </span>
     <span class='ocr_line' id='line_1_21' title="bbox 298 2840 1260 2939; baseline 0.001 -25"><span class='ocrx_word' id='word_1_143' title='bbox 298 2840 472 2928; x_wconf 84' lang='lat' dir='ltr'>nostrum,</span> <span class='ocrx_word' id='word_1_144' title='bbox 498 2853 729 2939; x_wconf 73' lang='lat' dir='ltr'>rutnnetpriirou,</span> <span class='ocrx_word' id='word_1_145' title='bbox 750 2844 879 2937; x_wconf 81' lang='lat' dir='ltr'>lnquit,</span> <span class='ocrx_word' id='word_1_146' title='bbox 898 2857 1044 2937; x_wconf 70' lang='grc' dir='ltr'>χαίρετε,</span> <span class='ocrx_word' id='word_1_147' title='bbox 1067 2845 1104 2912; x_wconf 86' lang='lat'>&amp;</span> <span class='ocrx_word' id='word_1_148' title='bbox 1127 2845 1260 2912; x_wconf 76' lang='lat' dir='ltr'>Varro·</span> 
     </span>
     <span class='ocr_line' id='line_1_22' title="bbox 297 2942 1277 3046; baseline -0.003 -24"><span class='ocrx_word' id='word_1_149' title='bbox 297 2976 376 3024; x_wconf 90' lang='lat' dir='ltr'>nem</span> <span class='ocrx_word' id='word_1_150' title='bbox 401 2948 571 3038; x_wconf 86' lang='lat' dir='ltr'>nostrum,</span> <span class='ocrx_word' id='word_1_151' title='bbox 587 2944 722 3046; x_wconf 76' lang='lat' dir='ltr'>inquit,</span> <span class='ocrx_word' id='word_1_152' title='bbox 735 2961 860 3039; x_wconf 65' lang='grc' dir='ltr'>ποιμένα</span> <span class='ocrx_word' id='word_1_153' title='bbox 883 2951 972 3022; x_wconf 58' lang='lat' dir='ltr'>nale.</span> <span class='ocrx_word' id='word_1_154' title='bbox 994 2947 1144 3018; x_wconf 80' lang='lat' dir='ltr'>Scrofam</span> <span class='ocrx_word' id='word_1_155' title='bbox 1169 2942 1277 3020; x_wconf 81' lang='lat' dir='ltr'>enim&#39;</span> 
     </span>
     <span class='ocr_line' id='line_1_23' title="bbox 297 3054 1261 3154; baseline 0.001 -27"><span class='ocrx_word' id='word_1_156' title='bbox 297 3081 398 3133; x_wconf 80' lang='lat' dir='ltr'>tuane</span> <span class='ocrx_word' id='word_1_157' title='bbox 414 3057 566 3128; x_wconf 84' lang='lat' dir='ltr'>salutavi.</span> <span class='ocrx_word' id='word_1_158' title='bbox 583 3057 671 3127; x_wconf 87' lang='lat' dir='ltr'>Cum</span> <span class='ocrx_word' id='word_1_159' title='bbox 687 3056 770 3134; x_wconf 80' lang='lat' dir='ltr'>alius</span> <span class='ocrx_word' id='word_1_160' title='bbox 786 3078 862 3126; x_wconf 89' lang='lat' dir='ltr'>eum</span> <span class='ocrx_word' id='word_1_161' title='bbox 881 3054 1065 3144; x_wconf 82' lang='lat' dir='ltr'>salutallet,</span> <span class='ocrx_word' id='word_1_162' title='bbox 1078 3057 1161 3154; x_wconf 71' lang='lat' dir='ltr'>alius</span> <span class='ocrx_word' id='word_1_163' title='bbox 1175 3080 1261 3129; x_wconf 89' lang='lat' dir='ltr'>con·</span> 
     </span>
     <span class='ocr_line' id='line_1_24' title="bbox 297 3164 1260 3264; baseline -0.002 -25"><span class='ocrx_word' id='word_1_164' title='bbox 297 3167 446 3247; x_wconf 83' lang='lat' dir='ltr'>viciatus</span> <span class='ocrx_word' id='word_1_165' title='bbox 460 3165 557 3257; x_wconf 78' lang='lat' dir='ltr'>esset,</span> <span class='ocrx_word' id='word_1_166' title='bbox 570 3165 630 3264; x_wconf 91' lang='lat' dir='ltr'>qui</span> <span class='ocrx_word' id='word_1_167' title='bbox 644 3183 711 3240; x_wconf 90' lang='lat' dir='ltr'>tam</span> <span class='ocrx_word' id='word_1_168' title='bbox 727 3165 799 3238; x_wconf 87' lang='lat' dir='ltr'>sero</span> <span class='ocrx_word' id='word_1_169' title='bbox 813 3164 954 3238; x_wconf 83' lang='lat' dir='ltr'>venillet</span> <span class='ocrx_word' id='word_1_170' title='bbox 966 3167 1007 3237; x_wconf 91' lang='lat' dir='ltr'>ad</span> <span class='ocrx_word' id='word_1_171' title='bbox 1021 3166 1260 3252; x_wconf 79' lang='lat' dir='ltr'>constitutum,</span> 
     </span>
    </p>

    <p class='ocr_par' dir='ltr' id='par_1_4' title="bbox 247 3275 1353 3696">
     <span class='ocr_line' id='line_1_25' title="bbox 247 3275 1260 3374; baseline -0.002 -24"><span class='ocrx_word' id='word_1_172' title='bbox 247 3328 251 3333; x_wconf 93' lang='lat'>-</span> <span class='ocrx_word' id='word_1_173' title='bbox 298 3276 435 3350; x_wconf 88' lang='lat' dir='ltr'>Videbo</span> <span class='ocrx_word' id='word_1_174' title='bbox 447 3275 513 3370; x_wconf 85' lang='lat' dir='ltr'>jam</span> <span class='ocrx_word' id='word_1_175' title='bbox 530 3301 617 3365; x_wconf 89' lang='lat' dir='ltr'>vos,</span> <span class='ocrx_word' id='word_1_176' title='bbox 630 3275 762 3374; x_wconf 88' lang='lat' dir='ltr'>inquit,</span> <span class='ocrx_word' id='word_1_177' title='bbox 776 3275 980 3364; x_wconf 77' lang='lat' dir='ltr'>balatrones,</span> <span class='ocrx_word' id='word_1_178' title='bbox 993 3278 1031 3348; x_wconf 83' lang='lat'>&amp;</span> <span class='ocrx_word' id='word_1_179' title='bbox 1045 3275 1260 3349; x_wconf 83' lang='lat' dir='ltr'>hucafferam</span> 
     </span>
     <span class='ocr_line' id='line_1_26' title="bbox 298 3378 1353 3482; baseline -0.002 -22"><span class='ocrx_word' id='word_1_180' title='bbox 298 3410 413 3460; x_wconf 87' lang='lat' dir='ltr'>meum</span> <span class='ocrx_word' id='word_1_181' title='bbox 428 3378 617 3459; x_wconf 79' lang='lat' dir='ltr'>corium&amp;</span> <span class='ocrx_word' id='word_1_182' title='bbox 632 3385 740 3482; x_wconf 84' lang='lat' dir='ltr'>flagra.</span> <span class='ocrx_word' id='word_1_183' title='bbox 764 3385 819 3456; x_wconf 91' lang='lat' dir='ltr'>Tu</span> <span class='ocrx_word' id='word_1_184' title='bbox 840 3408 944 3469; x_wconf 87' lang='lat' dir='ltr'>vero,</span> <span class='ocrx_word' id='word_1_185' title='bbox 961 3383 1090 3468; x_wconf 88' lang='lat' dir='ltr'>Murri,</span> <span class='ocrx_word' id='word_1_186' title='bbox 1110 3384 1190 3453; x_wconf 89' lang='lat' dir='ltr'>veni</span> <span class='ocrx_word' id='word_1_187' title='bbox 1211 3384 1260 3458; x_wconf 89' lang='lat' dir='ltr'>mi</span> <span class='ocrx_word' id='word_1_188' title='bbox 1351 3409 1353 3413; x_wconf 86' lang='lat'>·</span> 
     </span>
     <span class='ocr_line' id='line_1_27' title="bbox 299 3489 1263 3585; baseline -0.003 -18"><span class='ocrx_word' id='word_1_189' title='bbox 299 3495 506 3583; x_wconf 87' lang='lat' dir='ltr'>advocatus,</span> <span class='ocrx_word' id='word_1_190' title='bbox 527 3494 606 3565; x_wconf 91' lang='lat' dir='ltr'>dum</span> <span class='ocrx_word' id='word_1_191' title='bbox 630 3494 711 3564; x_wconf 83' lang='lat' dir='ltr'>alles</span> <span class='ocrx_word' id='word_1_192' title='bbox 735 3491 837 3564; x_wconf 85' lang='lat' dir='ltr'>solvo</span> <span class='ocrx_word' id='word_1_193' title='bbox 858 3491 1036 3575; x_wconf 83' lang='lat' dir='ltr'>Palilibus,</span> <span class='ocrx_word' id='word_1_194' title='bbox 1055 3489 1078 3561; x_wconf 87' lang='lat' dir='ltr'>fi</span> <span class='ocrx_word' id='word_1_195' title='bbox 1103 3491 1216 3585; x_wconf 84' lang='lat' dir='ltr'>postea</span> <span class='ocrx_word' id='word_1_196' title='bbox 1239 3517 1263 3564; x_wconf 86' lang='lat' dir='ltr'>a·</span> 
     </span>
     <span class='ocr_line' id='line_1_28' title="bbox 299 3596 1262 3696; baseline -0.007 -22"><span class='ocrx_word' id='word_1_197' title='bbox 299 3626 355 3675; x_wconf 89' lang='lat' dir='ltr'>me</span> <span class='ocrx_word' id='word_1_198' title='bbox 373 3618 546 3696; x_wconf 87' lang='lat' dir='ltr'>repetant,</span> <span class='ocrx_word' id='word_1_199' title='bbox 559 3619 597 3673; x_wconf 88' lang='lat' dir='ltr'>ut</span> <span class='ocrx_word' id='word_1_200' title='bbox 612 3598 840 3671; x_wconf 81' lang='lat' dir='ltr'>testimonium</span> <span class='ocrx_word' id='word_1_201' title='bbox 862 3596 1037 3691; x_wconf 87' lang='lat' dir='ltr'>perhibete</span> <span class='ocrx_word' id='word_1_202' title='bbox 1051 3597 1162 3690; x_wconf 84' lang='lat' dir='ltr'>poffis.</span> <span class='ocrx_word' id='word_1_203' title='bbox 1184 3601 1262 3681; x_wconf 69' lang='grc' dir='ltr'>ΛΤ,-1</span> 
     </span>
    </p>

    <p class='ocr_par' dir='ltr' id='par_1_5' title="bbox 255 3704 1264 4019">
     <span class='ocr_line' id='line_1_29' title="bbox 255 3704 1264 3800; baseline -0.004 -21"><span class='ocrx_word' id='word_1_204' title='bbox 255 3787 259 3791; x_wconf 52' lang='grc'><strong>,</strong></span> <span class='ocrx_word' id='word_1_205' title='bbox 300 3727 413 3781; x_wconf 62' lang='lat' dir='ltr'>arcos</span> <span class='ocrx_word' id='word_1_206' title='bbox 435 3707 588 3797; x_wconf 80' lang='lat' dir='ltr'>Murrio,</span> <span class='ocrx_word' id='word_1_207' title='bbox 608 3709 714 3779; x_wconf 87' lang='lat' dir='ltr'>Narra</span> <span class='ocrx_word' id='word_1_208' title='bbox 734 3704 803 3792; x_wconf 86' lang='lat' dir='ltr'>isti,</span> <span class='ocrx_word' id='word_1_209' title='bbox 820 3705 946 3799; x_wconf 87' lang='lat' dir='ltr'>inquit,</span> <span class='ocrx_word' id='word_1_210' title='bbox 962 3705 1076 3778; x_wconf 84' lang='lat' dir='ltr'>eadent</span> <span class='ocrx_word' id='word_1_211' title='bbox 1088 3756 1100 3794; x_wconf 94' lang='lat'>,</span> <span class='ocrx_word' id='word_1_212' title='bbox 1113 3706 1171 3800; x_wconf 89' lang='lat' dir='ltr'>qui</span> <span class='ocrx_word' id='word_1_213' title='bbox 1191 3707 1264 3775; x_wconf 62' lang='lat' dir='ltr'>len·</span> 
     </span>
     <span class='ocr_line' id='line_1_30' title="bbox 300 3813 1261 3910; baseline -0.001 -24"><span class='ocrx_word' id='word_1_214' title='bbox 300 3839 422 3886; x_wconf 89' lang='lat' dir='ltr'>mones</span> <span class='ocrx_word' id='word_1_215' title='bbox 441 3815 505 3887; x_wconf 86' lang='lat' dir='ltr'>suu</span> <span class='ocrx_word' id='word_1_216' title='bbox 524 3813 648 3903; x_wconf 86' lang='lat' dir='ltr'>habiti,</span> <span class='ocrx_word' id='word_1_217' title='bbox 664 3816 701 3887; x_wconf 90' lang='lat'>&amp;</span> <span class='ocrx_word' id='word_1_218' title='bbox 721 3813 803 3910; x_wconf 90' lang='lat' dir='ltr'>quid</span> <span class='ocrx_word' id='word_1_219' title='bbox 823 3813 942 3910; x_wconf 80' lang='lat' dir='ltr'>reliqui</span> <span class='ocrx_word' id='word_1_220' title='bbox 960 3813 1017 3898; x_wconf 84' lang='lat' dir='ltr'>fit,</span> <span class='ocrx_word' id='word_1_221' title='bbox 1033 3829 1070 3880; x_wconf 89' lang='lat' dir='ltr'>ut</span> <span class='ocrx_word' id='word_1_222' title='bbox 1086 3816 1128 3883; x_wconf 90' lang='lat' dir='ltr'>ad</span> <span class='ocrx_word' id='word_1_223' title='bbox 1148 3833 1261 3904; x_wconf 81' lang='lat' dir='ltr'>partes</span> 
     </span>
     <span class='ocr_line' id='line_1_31' title="bbox 300 3921 1261 4019; baseline -0.002 -26"><span class='ocrx_word' id='word_1_224' title='bbox 300 3941 437 4019; x_wconf 87' lang='lat' dir='ltr'>paratus</span> <span class='ocrx_word' id='word_1_225' title='bbox 450 3923 583 3998; x_wconf 86' lang='lat' dir='ltr'>veniat:</span> <span class='ocrx_word' id='word_1_226' title='bbox 597 3946 662 3997; x_wconf 89' lang='lat' dir='ltr'>nos</span> <span class='ocrx_word' id='word_1_227' title='bbox 676 3923 801 3996; x_wconf 87' lang='lat' dir='ltr'>interea</span> <span class='ocrx_word' id='word_1_228' title='bbox 818 3923 997 3995; x_wconf 81' lang='lat' dir='ltr'>secundum</span> <span class='ocrx_word' id='word_1_229' title='bbox 1012 3923 1117 3992; x_wconf 60' lang='lat' dir='ltr'>allum</span> <span class='ocrx_word' id='word_1_230' title='bbox 1133 3921 1172 3987; x_wconf 83' lang='lat' dir='ltr'>de</span> <span class='ocrx_word' id='word_1_231' title='bbox 1187 3945 1261 3991; x_wconf 89' lang='lat' dir='ltr'>ma·</span> 
     </span>
    </p>
   </div>
   <div class='ocr_carea' id='block_1_3' title="bbox 300 4031 1263 4218">
    <p class='ocr_par' dir='ltr' id='par_1_6' title="bbox 300 4031 1263 4218">
     <span class='ocr_line' id='line_1_32' title="bbox 300 4031 1263 4218; baseline -0.005 -109"><span class='ocrx_word' id='word_1_232' title='bbox 300 4032 433 4134; x_wconf 78' lang='lat' dir='ltr'>joribus</span> <span class='ocrx_word' id='word_1_233' title='bbox 444 4051 641 4115; x_wconf 82' lang='lat' dir='ltr'>attexamus.</span> <span class='ocrx_word' id='word_1_234' title='bbox 655 4040 695 4109; x_wconf 87' lang='lat' dir='ltr'>ln</span> <span class='ocrx_word' id='word_1_235' title='bbox 705 4059 776 4135; x_wconf 87' lang='lat' dir='ltr'>quo</span> <span class='ocrx_word' id='word_1_236' title='bbox 787 4035 923 4135; x_wconf 84' lang='lat' dir='ltr'>quidem</span> <span class='ocrx_word' id='word_1_237' title='bbox 931 4031 1061 4218; x_wconf 54' lang='lat' dir='ltr'>,inffirit</span> <span class='ocrx_word' id='word_1_238' title='bbox 1071 4033 1263 4143; x_wconf 67' lang='lat' dir='ltr'>vacato,</span> 
     </span>
     <span class='ocr_line' id='line_1_33' title="bbox 1050 4167 1070 4215; baseline 0 0"><span class='ocrx_word' id='word_1_239' title='bbox 1050 4167 1070 4215; x_wconf 90' lang='lat'><em>2</em></span> 
     </span>
    </p>
   </div>
   <div class='ocr_carea' id='block_1_4' title="bbox 0 0 1766 5084">
    <p class='ocr_par' dir='ltr' id='par_1_7' title="bbox 0 0 1766 5084">
     <span class='ocr_line' id='line_1_34' title="bbox 0 0 1766 5084; baseline 0 0"><span class='ocrx_word' id='word_1_240' title='bbox 0 0 1766 5084; x_wconf 95' lang='lat' dir='ltr'> </span> 
     </span>
    </p>
   </div>
  </div>
 </body>
</html>
