3509 5084
514 624 623 706 aro'¹
663 633 713 711 M,
740 629 1015 702 TERENTII
1042 628 1343 704 VARRONIS
1441 656 1444 660 ·

515 792 570 866 tiis
597 790 748 865 vendidit
774 789 906 888 pisces}
929 793 1075 873 Atreus,
1099 797 1223 864 Merula
1244 790 1320 882 mi,
1349 789 1492 892 inquit,

512 903 629 999 recipe
658 927 712 975 me
741 900 856 999 quaeso
888 898 1087 996 discipulum
1117 900 1277 1001 villatica
1311 901 1495 996 pastionis..

514 1017 594 1098 Ille,
618 1011 713 1105 Quin
735 1011 870 1086 simulac
888 1010 1082 1107 promiseris
1102 1011 1288 1112 minervas,
1303 1011 1487 1113 incipiam,

511 1127 640 1219 inquit,
660 1123 694 1195 id
718 1121 765 1194 est
789 1147 937 1196 coenam.
962 1123 1036 1219 Ego
1052 1146 1143 1195 *vero
1165 1147 1236 1193 non
1261 1123 1416 1214 recuso,
1434 1127 1486 1199 ves

509 1230 617 1305 hodie
644 1256 686 1304 ex
710 1230 768 1303 ista
793 1229 945 1326 pastione
969 1217 1102 1303 crebro.
1125 1232 1282 1317 ΑΡΡΙυς,
1299 1232 1426 1305 Credo
1447 1234 1485 1307 fi·

512 1334 624 1418 molae
637 1342 783 1438 primum
797 1365 839 1413 ex
852 1339 917 1412 isto
933 1338 1087 1412 villatico
1100 1361 1224 1436 pecore
1237 1341 1376 1413 mortui
1390 1336 1484 1415 erunt

510 1452 664 1537 anseres,
685 1468 742 1522 aut
761 1472 927 1544 pavones.
948 1446 1016 1520 cui
1034 1452 1105 1536 illc,
1119 1447 1201 1549 quid
1214 1447 1307 1519 enim
1327 1447 1482 1542 interes,

510 1579 625 1632 utrum
646 1555 846 1629 morticinas
871 1554 971 1627 editis
995 1554 1174 1643 volucres,
1189 1580 1232 1626 an
1255 1553 1482 1656 pisces‚quos

511 1667 573 1741 nifi
592 1683 749 1738 mortuos
769 1663 844 1736 estis
866 1661 1068 1757 nunquam?
1086 1662 1150 1734 Sed
1173 1681 1324 1752 orote,
1352 1663 1481 1763 inquit,

508 1774 635 1850 induce
658 1773 763 1846 mein
785 1770 877 1845 viam
904 1769 1090 1867 disciplinae
1112 1769 1272 1844 villaticae
1292 1773 1502 1868 pastionis„

393 1966 400 1989 ι
499 1912 550 1962 ‘ac
581 1885 652 1959 vim
680 1883 894 1982 formamque
924 1880 997 1978 ejus
1030 1906 1197 1979 expone,
1225 1883 1389 1977 Merula,
1413 1888 1479 1959 non

533 2019 656 2074 cavate.
1022 2064 1025 2069 .

507 2026 532 2102 g
571 2113 625 2183 111„
655 2108 833 2197 Primum,
856 2110 987 2205 inquit,
1015 2103 1195 2179 dominum
1225 2103 1397 2181 scientem
1422 2108 1477 2182 esse

508 2240 650 2319 oportet
668 2246 780 2294 earum
796 2244 906 2291 rerum
918 2272 930 2308 ,
943 2244 1019 2316 quae
1033 2217 1068 2289 in
1085 2217 1190 2306 villa,
1212 2216 1398 2294 circumve
1413 2247 1475 2294 ean

508 2331 553 2405 ali
572 2354 611 2401 ac
637 2326 724 2424 pasci
744 2325 888 2422 posfint‚
904 2325 950 2397 ita
970 2341 1007 2397 ut
1033 2323 1178 2397 domino
1206 2323 1271 2397 fint
1293 2323 1424 2400 fructui
1441 2352 1475 2400 ac

384 2502 398 2519 .
506 2435 732 2512 ὀεΙεξὶαῐὶοηὶ.
749 2433 829 2530 Ejus
852 2432 1037 2528 disciplinae
1061 2457 1185 2530 genera
1200 2431 1278 2528 sont
1303 2435 1397 2524 tria,
1422 2461 1474 2509 or·

504 2548 666 2620 nithones
680 2598 691 2635 ‚
704 2543 889 2640 leporaria,
902 2542 1047 2639 piscinae.
1058 2545 1161 2617 Nunc
1177 2543 1393 2620 ornithonas
1405 2547 1475 2622 dico

504 2654 662 2730 omnium
677 2653 814 2740 alitum,
829 2680 906 2751 quae
921 2653 1009 2726 intra
1028 2649 1171 2748 parietes
1184 2652 1282 2729 villae
1300 2655 1414 2731 solent
1426 2683 1473 2756 pa·

505 2766 563 2842 sci.
575 2763 758 2861 Leporaria
772 2781 805 2836 te
817 2763 1067 2859 acciperevolo
1081 2819 1092 2856 ‚
1105 2789 1178 2837 non
1195 2789 1249 2850 ea,
1265 2790 1351 2863 quae
1364 2766 1472 2840 tritavi

505 2877 612 2953 nostri
630 2874 809 2965 dicebant,
829 2871 888 2946 ubi
903 2871 994 2944 soliti
1010 2872 1144 2970 lepores
1169 2873 1252 2960 sint,
1277 2873 1339 2948 sed
1365 2873 1471 2949 omnia

503 2988 635 3084 saepta,
656 2985 762 3059 affiaa
779 2983 872 3057 villae
899 3009 975 3082 quae
1001 2981 1101 3072 sunt,
1125 2984 1164 3056 &
1187 2981 1322 3058 habent
1355 2984 1471 3064 incluse

505 3094 685 3182 animalia,
699 3119 774 3190 quae
785 3094 972 3190 pascantur.
985 3092 1146 3166 Similiter
1157 3092 1304 3188 piscinas
1318 3095 1403 3171 dico
1415 3120 1471 3184 eas,

503 3230 581 3304 quae
600 3203 635 3274 in
654 3226 741 3299 aqua
760 3203 850 3276 dulci
871 3221 928 3274 aut
947 3202 1024 3275 salsa
1047 3201 1196 3278 inclusos
1219 3203 1353 3280 habent
1378 3207 1470 3305 pisces

504 3316 547 3391 ad
564 3314 691 3388 vilsam.
705 3315 831 3386 Harum
847 3311 975 3409 singula
995 3337 1116 3413 genera
1131 3310 1315 3387 minimum
1329 3316 1368 3388 in
1387 3317 1468 3390 binas

414 3448 421 3467 ⁸
502 3422 629 3522 species
649 3421 757 3495 dividi
774 3420 929 3518 posson13
943 3421 984 3494 'in
1007 3422 1116 3519 prima
1131 3440 1223 3518 parte
1235 3413 1385 3517 ut'stnt,
1405 3449 1467 3524 qua

502 3554 591 3610 terra
613 3534 720 3606 modo
741 3533 815 3605 sunt
836 3552 1024 3621 contenta,
1042 3553 1080 3605 ut
1101 3531 1176 3604 sunt
1196 3532 1390 3630 pavones,
1406 3562 1465 3612 tur·

481 3729 484 3734 ,
501 3667 592 3723 tures
605 3701 617 3734 ,
632 3643 735 3717 turdi.
748 3645 850 3716 altera
864 3645 990 3741 specics
1005 3643 1079 3715 sunt
1087 3699 1100 3732 ,
1113 3669 1190 3742 quae
1203 3670 1279 3717 non
1298 3647 1380 3723 sunt
1394 3673 1464 3725 con·

483 3774 596 3852 *tenta
613 3774 701 3826 terra
718 3752 850 3843 solum,
871 3755 928 3829 sed
944 3755 1043 3827 etiam
1059 3781 1180 3852 aquam
1202 3757 1414 3853 requirunt,
1436 3774 1463 3830 ut

498 3869 576 3943 sunt
596 3863 742 3953 anseres,
758 3863 1019 3958 querquedulae,
1035 3884 1159 3937 anates.
1176 3863 1231 3936 Sic
1250 3865 1405 3943 alterurn
1418 3891 1463 3966 ge·

500 4004 564 4051 nus
590 3977 671 4048 illud
695 3974 889 4048 venaticum
913 3976 995 4046 duas
1020 3974 1120 4049 habet
1145 3975 1296 4052 diversas
1324 3979 1460 4078 species:

500 4112 622 4173 unam,
641 4088 760 4187 inqua
778 4085 824 4161 esi
843 4110 945 4184 aper,
959 4111 1103 4186 caprea,
1123 4087 1230 4186 lepus.
1248 4090 1374 4169 Altera
1393 4094 1461 4168 iren
