<?xml version="1.0" encoding="UTF-8"?>
<!DOCTYPE html PUBLIC "-//W3C//DTD XHTML 1.0 Transitional//EN"
    "http://www.w3.org/TR/xhtml1/DTD/xhtml1-transitional.dtd">
<html xmlns="http://www.w3.org/1999/xhtml" xml:lang="en" lang="en">
 <head>
  <title>
</title>
<meta http-equiv="Content-Type" content="text/html;charset=utf-8" />
  <meta name='ocr-system' content='tesseract 3.04.00' />
  <meta name='ocr-capabilities' content='ocr_page ocr_carea ocr_par ocr_line ocrx_word'/>
</head>
<body>
  <div class='ocr_page' id='page_1' title='image "./scriptoresreiru02gesngoog_0401.png"; bbox 0 0 3509 5084; ppageno 0'>
   <div class='ocr_carea' id='block_1_1' title="bbox 932 425 936 469">
    <p class='ocr_par' dir='ltr' id='par_1_1' title="bbox 932 425 936 469">
     <span class='ocr_line' id='line_1_1' title="bbox 932 425 936 469; baseline 0 0"><span class='ocrx_word' id='word_1_1' title='bbox 932 425 936 469; x_wconf 95' lang='lat' dir='ltr'>l</span> 
     </span>
    </p>
   </div>
   <div class='ocr_carea' id='block_1_2' title="bbox 544 548 1354 676">
    <p class='ocr_par' dir='ltr' id='par_1_2' title="bbox 544 548 1354 676">
     <span class='ocr_line' id='line_1_2' title="bbox 544 548 1354 676; baseline 0.01 -26"><span class='ocrx_word' id='word_1_2' title='bbox 544 548 634 650; x_wconf 76' lang='lat' dir='ltr'>oe</span> <span class='ocrx_word' id='word_1_3' title='bbox 660 575 728 649; x_wconf 77' lang='lat' dir='ltr'>uu</span> <span class='ocrx_word' id='word_1_4' title='bbox 753 575 1002 652; x_wconf 77' lang='lat' dir='ltr'>uusrrcn</span> <span class='ocrx_word' id='word_1_5' title='bbox 1027 576 1123 653; x_wconf 79' lang='lat' dir='ltr'>rm.</span> <span class='ocrx_word' id='word_1_6' title='bbox 1146 580 1203 654; x_wconf 81' lang='lat' dir='ltr'>ru.</span> <span class='ocrx_word' id='word_1_7' title='bbox 1283 602 1354 676; x_wconf 61' lang='grc' dir='ltr'><strong>ψ</strong></span> 
     </span>
    </p>
   </div>
   <div class='ocr_carea' id='block_1_3' title="bbox 391 732 1468 831">
    <p class='ocr_par' dir='ltr' id='par_1_3' title="bbox 391 732 1468 831">
     <span class='ocr_line' id='line_1_3' title="bbox 391 732 1468 831; baseline 0.006 -22"><span class='ocrx_word' id='word_1_8' title='bbox 391 732 490 811; x_wconf 82' lang='lat' dir='ltr'>fiunt.</span> <span class='ocrx_word' id='word_1_9' title='bbox 510 733 586 809; x_wconf 88' lang='lat' dir='ltr'>Nee</span> <span class='ocrx_word' id='word_1_10' title='bbox 604 735 628 807; x_wconf 86' lang='lat' dir='ltr'>sr</span> <span class='ocrx_word' id='word_1_11' title='bbox 648 759 692 807; x_wconf 81' lang='lat' dir='ltr'>ex</span> <span class='ocrx_word' id='word_1_12' title='bbox 712 735 794 808; x_wconf 84' lang='lat' dir='ltr'>alvo</span> <span class='ocrx_word' id='word_1_13' title='bbox 813 735 848 808; x_wconf 94' lang='lat' dir='ltr'>in</span> <span class='ocrx_word' id='word_1_14' title='bbox 868 736 984 811; x_wconf 87' lang='lat' dir='ltr'>alvum</span> <span class='ocrx_word' id='word_1_15' title='bbox 997 736 1032 810; x_wconf 89' lang='lat' dir='ltr'>in</span> <span class='ocrx_word' id='word_1_16' title='bbox 1048 737 1168 811; x_wconf 89' lang='lat' dir='ltr'>eodem</span> <span class='ocrx_word' id='word_1_17' title='bbox 1188 737 1358 831; x_wconf 57' lang='lat' dir='ltr'>loeodra·</span> <span class='ocrx_word' id='word_1_18' title='bbox 1428 743 1431 749; x_wconf 78' lang='grc'><strong>’</strong></span> <span class='ocrx_word' id='word_1_19' title='bbox 1465 816 1468 823; x_wconf 76' lang='grc'><strong>,</strong></span> 
     </span>
    </p>
   </div>
   <div class='ocr_carea' id='block_1_4' title="bbox 390 844 1359 1500">
    <p class='ocr_par' dir='ltr' id='par_1_4' title="bbox 390 844 1359 1500">
     <span class='ocr_line' id='line_1_4' title="bbox 391 844 1359 945; baseline 0.009 -28"><span class='ocrx_word' id='word_1_20' title='bbox 391 844 507 943; x_wconf 85' lang='lat' dir='ltr'>jicias‚</span> <span class='ocrx_word' id='word_1_21' title='bbox 523 846 731 945; x_wconf 82' lang='lat' dir='ltr'>negligenter</span> <span class='ocrx_word' id='word_1_22' title='bbox 754 844 955 920; x_wconf 86' lang='lat' dir='ltr'>faciendum.</span> <span class='ocrx_word' id='word_1_23' title='bbox 973 846 1065 920; x_wconf 88' lang='lat' dir='ltr'>sedsr</span> <span class='ocrx_word' id='word_1_24' title='bbox 1082 847 1267 923; x_wconf 67' lang='lat' dir='ltr'>transiture</span> <span class='ocrx_word' id='word_1_25' title='bbox 1280 849 1359 929; x_wconf 80' lang='lat' dir='ltr'>sum</span> 
     </span>
     <span class='ocr_line' id='line_1_5' title="bbox 392 944 1359 1058; baseline 0.004 -26"><span class='ocrx_word' id='word_1_26' title='bbox 392 984 473 1054; x_wconf 89' lang='lat' dir='ltr'>apes</span> <span class='ocrx_word' id='word_1_27' title='bbox 496 985 561 1048; x_wconf 85' lang='lat' dir='ltr'>ea,</span> <span class='ocrx_word' id='word_1_28' title='bbox 581 958 728 1055; x_wconf 90' lang='lat' dir='ltr'>apiallro</span> <span class='ocrx_word' id='word_1_29' title='bbox 752 944 988 1056; x_wconf 84' lang='lat' dir='ltr'>perfricanda,</span> <span class='ocrx_word' id='word_1_30' title='bbox 1003 959 1098 1058; x_wconf 92' lang='lat' dir='ltr'>quod</span> <span class='ocrx_word' id='word_1_31' title='bbox 1124 954 1359 1041; x_wconf 77' lang='lat' dir='ltr'>illicium‘laoe</span> 
     </span>
     <span class='ocr_line' id='line_1_6' title="bbox 390 1067 1358 1166; baseline 0.009 -25"><span class='ocrx_word' id='word_1_32' title='bbox 390 1068 481 1142; x_wconf 83' lang='lat' dir='ltr'>illis:</span> <span class='ocrx_word' id='word_1_33' title='bbox 503 1067 626 1144; x_wconf 89' lang='lat' dir='ltr'>&amp;favi</span> <span class='ocrx_word' id='word_1_34' title='bbox 645 1067 764 1141; x_wconf 81' lang='lat' dir='ltr'>melliti</span> <span class='ocrx_word' id='word_1_35' title='bbox 783 1068 875 1142; x_wconf 86' lang='lat' dir='ltr'>intus</span> <span class='ocrx_word' id='word_1_36' title='bbox 898 1069 1067 1166; x_wconf 87' lang='lat' dir='ltr'>ponendi,</span> <span class='ocrx_word' id='word_1_37' title='bbox 1081 1095 1100 1145; x_wconf 90' lang='lat' dir='ltr'>a</span> <span class='ocrx_word' id='word_1_38' title='bbox 1113 1068 1269 1145; x_wconf 86' lang='lat' dir='ltr'>faucibus</span> <span class='ocrx_word' id='word_1_39' title='bbox 1283 1097 1358 1151; x_wconf 88' lang='lat' dir='ltr'>non</span> 
     </span>
     <span class='ocr_line' id='line_1_7' title="bbox 392 1179 1359 1278; baseline 0.01 -28"><span class='ocrx_word' id='word_1_40' title='bbox 392 1181 516 1278; x_wconf 83' lang='lat' dir='ltr'>longe,</span> <span class='ocrx_word' id='word_1_41' title='bbox 531 1204 591 1268; x_wconf 88' lang='lat' dir='ltr'>ne,</span> <span class='ocrx_word' id='word_1_42' title='bbox 607 1203 683 1252; x_wconf 87' lang='lat' dir='ltr'>cum</span> <span class='ocrx_word' id='word_1_43' title='bbox 699 1179 1018 1270; x_wconf 82' lang='lat' dir='ltr'>animadverterint,</span> <span class='ocrx_word' id='word_1_44' title='bbox 1035 1198 1094 1277; x_wconf 87' lang='lat' dir='ltr'>aut</span> <span class='ocrx_word' id='word_1_45' title='bbox 1111 1179 1261 1277; x_wconf 86' lang='lat' dir='ltr'>inopiam</span> <span class='ocrx_word' id='word_1_46' title='bbox 1275 1184 1359 1260; x_wconf 79' lang='lat' dir='ltr'>escae</span> 
     </span>
     <span class='ocr_line' id='line_1_8' title="bbox 391 1290 1359 1392; baseline 0.004 -27"><span class='ocrx_word' id='word_1_47' title='bbox 391 1291 542 1365; x_wconf 85' lang='lat' dir='ltr'>habuille</span> <span class='ocrx_word' id='word_1_48' title='bbox 562 1292 737 1382; x_wconf 84' lang='lat' dir='ltr'>dicantur,</span> <span class='ocrx_word' id='word_1_49' title='bbox 748 1304 806 1364; x_wconf 84' lang='lat' dir='ltr'>aut</span> <span class='ocrx_word' id='word_1_50' title='bbox 817 1316 896 1366; x_wconf 89' lang='lat' dir='ltr'>eum</span> <span class='ocrx_word' id='word_1_51' title='bbox 912 1290 987 1364; x_wconf 90' lang='lat' dir='ltr'>sunt</span> <span class='ocrx_word' id='word_1_52' title='bbox 1000 1316 1079 1388; x_wconf 84' lang='lat' dir='ltr'>apes</span> <span class='ocrx_word' id='word_1_53' title='bbox 1094 1294 1259 1366; x_wconf 72' lang='lat' dir='ltr'>morbida</span> <span class='ocrx_word' id='word_1_54' title='bbox 1273 1316 1359 1392; x_wconf 89' lang='lat' dir='ltr'>pro·</span> 
     </span>
     <span class='ocr_line' id='line_1_9' title="bbox 390 1401 1358 1500; baseline 0.006 -27"><span class='ocrx_word' id='word_1_55' title='bbox 390 1420 468 1498; x_wconf 91' lang='lat' dir='ltr'>pter</span> <span class='ocrx_word' id='word_1_56' title='bbox 486 1401 651 1497; x_wconf 87' lang='lat' dir='ltr'>primores</span> <span class='ocrx_word' id='word_1_57' title='bbox 671 1426 798 1473; x_wconf 86' lang='lat' dir='ltr'>vernos</span> <span class='ocrx_word' id='word_1_58' title='bbox 815 1401 945 1499; x_wconf 84' lang='lat' dir='ltr'>pallus,</span> <span class='ocrx_word' id='word_1_59' title='bbox 958 1401 1018 1500; x_wconf 91' lang='lat' dir='ltr'>qui</span> <span class='ocrx_word' id='word_1_60' title='bbox 1037 1428 1079 1474; x_wconf 84' lang='lat' dir='ltr'>ex</span> <span class='ocrx_word' id='word_1_61' title='bbox 1098 1401 1241 1478; x_wconf 78' lang='lat' dir='ltr'>floribus</span> <span class='ocrx_word' id='word_1_62' title='bbox 1260 1407 1358 1480; x_wconf 80' lang='lat' dir='ltr'>nucia</span> 
     </span>
    </p>
   </div>
   <div class='ocr_carea' id='block_1_5' title="bbox 390 1511 1474 1621">
    <p class='ocr_par' dir='ltr' id='par_1_5' title="bbox 390 1511 1474 1621">
     <span class='ocr_line' id='line_1_10' title="bbox 390 1511 1474 1621; baseline 0.006 -34"><span class='ocrx_word' id='word_1_63' title='bbox 390 1518 522 1587; x_wconf 74' lang='lat' dir='ltr'>Graecae</span> <span class='ocrx_word' id='word_1_64' title='bbox 546 1516 585 1588; x_wconf 80' lang='grc' dir='ltr'>δι</span> <span class='ocrx_word' id='word_1_65' title='bbox 604 1512 831 1602; x_wconf 74' lang='lat' dir='ltr'>cornutium,</span> <span class='ocrx_word' id='word_1_66' title='bbox 849 1512 1008 1587; x_wconf 87' lang='lat' dir='ltr'>coeliacas</span> <span class='ocrx_word' id='word_1_67' title='bbox 1028 1512 1123 1603; x_wconf 85' lang='lat' dir='ltr'>fieri,</span> <span class='ocrx_word' id='word_1_68' title='bbox 1139 1535 1240 1614; x_wconf 91' lang='lat' dir='ltr'>atque</span> <span class='ocrx_word' id='word_1_69' title='bbox 1257 1518 1359 1621; x_wconf 86' lang='lat' dir='ltr'>urina</span> <span class='ocrx_word' id='word_1_70' title='bbox 1380 1511 1383 1519; x_wconf 72' lang='grc'>’</span> <span class='ocrx_word' id='word_1_71' title='bbox 1473 1526 1474 1529; x_wconf 70' lang='grc'>’</span> 
     </span>
    </p>
   </div>
   <div class='ocr_carea' id='block_1_6' title="bbox 373 1612 1359 1722">
    <p class='ocr_par' dir='ltr' id='par_1_6' title="bbox 373 1612 1359 1722">
     <span class='ocr_line' id='line_1_11' title="bbox 373 1612 1359 1722; baseline 0.003 -26"><span class='ocrx_word' id='word_1_72' title='bbox 373 1612 473 1722; x_wconf 46' lang='grc' dir='ltr'>κΡοῐει</span> <span class='ocrx_word' id='word_1_73' title='bbox 490 1621 594 1698; x_wconf 81' lang='lat' dir='ltr'>refici.</span> <span class='ocrx_word' id='word_1_74' title='bbox 607 1624 663 1696; x_wconf 93' lang='lat' dir='ltr'>De</span> <span class='ocrx_word' id='word_1_75' title='bbox 683 1622 735 1697; x_wconf 88' lang='lat' dir='ltr'>his</span> <span class='ocrx_word' id='word_1_76' title='bbox 754 1623 927 1719; x_wconf 86' lang='lat' dir='ltr'>propolim</span> <span class='ocrx_word' id='word_1_77' title='bbox 943 1643 1091 1713; x_wconf 80' lang='lat' dir='ltr'>vocant,</span> <span class='ocrx_word' id='word_1_78' title='bbox 1106 1649 1125 1696; x_wconf 90' lang='lat' dir='ltr'>e</span> <span class='ocrx_word' id='word_1_79' title='bbox 1140 1650 1213 1722; x_wconf 90' lang='lat' dir='ltr'>quo</span> <span class='ocrx_word' id='word_1_80' title='bbox 1226 1625 1359 1701; x_wconf 83' lang='lat' dir='ltr'>faciunt</span> 
     </span>
    </p>
   </div>
   <div class='ocr_carea' id='block_1_7' title="bbox 389 1729 1501 1830">
    <p class='ocr_par' dir='ltr' id='par_1_7' title="bbox 389 1729 1501 1830">
     <span class='ocr_line' id='line_1_12' title="bbox 389 1729 1501 1830; baseline 0.005 -25"><span class='ocrx_word' id='word_1_81' title='bbox 389 1734 433 1805; x_wconf 89' lang='lat' dir='ltr'>ad</span> <span class='ocrx_word' id='word_1_82' title='bbox 454 1729 607 1809; x_wconf 87' lang='lat' dir='ltr'>foramen</span> <span class='ocrx_word' id='word_1_83' title='bbox 625 1732 786 1825; x_wconf 86' lang='lat' dir='ltr'>intrpitus</span> <span class='ocrx_word' id='word_1_84' title='bbox 809 1732 1001 1830; x_wconf 70' lang='lat' dir='ltr'>protedlum</span> <span class='ocrx_word' id='word_1_85' title='bbox 1019 1732 1053 1804; x_wconf 89' lang='lat' dir='ltr'>in</span> <span class='ocrx_word' id='word_1_86' title='bbox 1069 1733 1183 1807; x_wconf 89' lang='lat' dir='ltr'>alvum</span> <span class='ocrx_word' id='word_1_87' title='bbox 1210 1738 1358 1811; x_wconf 84' lang='lat' dir='ltr'>maxime</span> <span class='ocrx_word' id='word_1_88' title='bbox 1452 1826 1453 1829; x_wconf 8' lang='grc' dir='ltr'><strong>Ἴ</strong></span> <span class='ocrx_word' id='word_1_89' title='bbox 1498 1754 1501 1759; x_wconf 84' lang='grc'><em>“</em></span> 
     </span>
    </p>
   </div>
   <div class='ocr_carea' id='block_1_8' title="bbox 389 1835 1412 1934">
    <p class='ocr_par' dir='ltr' id='par_1_8' title="bbox 389 1835 1412 1934">
     <span class='ocr_line' id='line_1_13' title="bbox 389 1835 1412 1934; baseline 0.008 -21"><span class='ocrx_word' id='word_1_90' title='bbox 389 1840 512 1918; x_wconf 81' lang='lat' dir='ltr'>aestate.</span> <span class='ocrx_word' id='word_1_91' title='bbox 543 1845 658 1934; x_wconf 89' lang='lat' dir='ltr'>Quam</span> <span class='ocrx_word' id='word_1_92' title='bbox 686 1868 756 1915; x_wconf 89' lang='lat' dir='ltr'>rem</span> <span class='ocrx_word' id='word_1_93' title='bbox 789 1842 890 1914; x_wconf 87' lang='lat' dir='ltr'>eriam</span> <span class='ocrx_word' id='word_1_94' title='bbox 917 1841 1059 1913; x_wconf 87' lang='lat' dir='ltr'>nomine</span> <span class='ocrx_word' id='word_1_95' title='bbox 1083 1844 1204 1915; x_wconf 88' lang='lat' dir='ltr'>eodem</span> <span class='ocrx_word' id='word_1_96' title='bbox 1233 1846 1360 1925; x_wconf 88' lang='lat' dir='ltr'>medici</span> <span class='ocrx_word' id='word_1_97' title='bbox 1409 1835 1412 1838; x_wconf 8' lang='grc' dir='ltr'><em>Α</em></span> 
     </span>
    </p>
   </div>
   <div class='ocr_carea' id='block_1_9' title="bbox 390 1948 1476 2048">
    <p class='ocr_par' dir='ltr' id='par_1_9' title="bbox 390 1948 1476 2048">
     <span class='ocr_line' id='line_1_14' title="bbox 390 1948 1476 2048; baseline 0.003 -23"><span class='ocrx_word' id='word_1_98' title='bbox 390 1973 532 2026; x_wconf 90' lang='lat' dir='ltr'>uruntur</span> <span class='ocrx_word' id='word_1_99' title='bbox 547 1953 584 2022; x_wconf 90' lang='lat' dir='ltr'>in</span> <span class='ocrx_word' id='word_1_100' title='bbox 608 1952 803 2048; x_wconf 86' lang='lat' dir='ltr'>emplastris.</span> <span class='ocrx_word' id='word_1_101' title='bbox 821 1968 1077 2048; x_wconf 88' lang='lat' dir='ltr'>propterquam</span> <span class='ocrx_word' id='word_1_102' title='bbox 1099 1977 1169 2025; x_wconf 86' lang='lat' dir='ltr'>rem</span> <span class='ocrx_word' id='word_1_103' title='bbox 1185 1954 1283 2028; x_wconf 90' lang='lat' dir='ltr'>etiam</span> <span class='ocrx_word' id='word_1_104' title='bbox 1299 1982 1359 2029; x_wconf 89' lang='lat' dir='ltr'>ca·</span> <span class='ocrx_word' id='word_1_105' title='bbox 1473 1948 1476 1961; x_wconf 53' lang='lat'><em>¹</em></span> 
     </span>
    </p>
   </div>
   <div class='ocr_carea' id='block_1_10' title="bbox 390 2058 1450 2381">
    <p class='ocr_par' dir='ltr' id='par_1_10' title="bbox 390 2058 1450 2381">
     <span class='ocr_line' id='line_1_15' title="bbox 390 2058 1450 2160; baseline 0.005 -26"><span class='ocrx_word' id='word_1_106' title='bbox 390 2062 462 2135; x_wconf 88' lang='lat' dir='ltr'>rius</span> <span class='ocrx_word' id='word_1_107' title='bbox 483 2061 519 2132; x_wconf 89' lang='lat' dir='ltr'>in</span> <span class='ocrx_word' id='word_1_108' title='bbox 537 2059 626 2137; x_wconf 89' lang='lat' dir='ltr'>saera</span> <span class='ocrx_word' id='word_1_109' title='bbox 648 2062 732 2151; x_wconf 85' lang='lat' dir='ltr'>via,</span> <span class='ocrx_word' id='word_1_110' title='bbox 746 2085 849 2160; x_wconf 90' lang='lat' dir='ltr'>quam</span> <span class='ocrx_word' id='word_1_111' title='bbox 867 2059 933 2133; x_wconf 92' lang='lat' dir='ltr'>mel</span> <span class='ocrx_word' id='word_1_112' title='bbox 952 2058 1058 2133; x_wconf 86' lang='lat' dir='ltr'>venit.</span> <span class='ocrx_word' id='word_1_113' title='bbox 1086 2061 1268 2136; x_wconf 87' lang='lat' dir='ltr'>Erithacen</span> <span class='ocrx_word' id='word_1_114' title='bbox 1291 2086 1359 2145; x_wconf 78' lang='lat' dir='ltr'>vo·1</span> <span class='ocrx_word' id='word_1_115' title='bbox 1446 2149 1450 2157; x_wconf 19' lang='grc' dir='ltr'><em>ι</em></span> 
     </span>
     <span class='ocr_line' id='line_1_16' title="bbox 391 2169 1360 2271; baseline 0 -25"><span class='ocrx_word' id='word_1_116' title='bbox 391 2173 494 2261; x_wconf 86' lang='lat' dir='ltr'>cant,</span> <span class='ocrx_word' id='word_1_117' title='bbox 518 2194 590 2269; x_wconf 91' lang='lat' dir='ltr'>quo</span> <span class='ocrx_word' id='word_1_118' title='bbox 612 2171 713 2244; x_wconf 88' lang='lat' dir='ltr'>favos</span> <span class='ocrx_word' id='word_1_119' title='bbox 737 2169 911 2246; x_wconf 75' lang='lat' dir='ltr'>extremos</span> <span class='ocrx_word' id='word_1_120' title='bbox 936 2169 1025 2244; x_wconf 85' lang='lat' dir='ltr'>inter</span> <span class='ocrx_word' id='word_1_121' title='bbox 1043 2170 1075 2245; x_wconf 85' lang='lat' dir='ltr'>se</span> <span class='ocrx_word' id='word_1_122' title='bbox 1095 2174 1360 2271; x_wconf 84' lang='lat' dir='ltr'>conglutinanr‚&#39;</span> 
     </span>
     <span class='ocr_line' id='line_1_17' title="bbox 390 2279 1358 2381; baseline 0.005 -27"><span class='ocrx_word' id='word_1_123' title='bbox 390 2282 485 2381; x_wconf 90' lang='lat' dir='ltr'>quod</span> <span class='ocrx_word' id='word_1_124' title='bbox 508 2280 554 2354; x_wconf 86' lang='lat' dir='ltr'>est</span> <span class='ocrx_word' id='word_1_125' title='bbox 577 2280 667 2354; x_wconf 91' lang='lat' dir='ltr'>aliud</span> <span class='ocrx_word' id='word_1_126' title='bbox 691 2282 811 2371; x_wconf 86' lang='lat' dir='ltr'>melle,</span> <span class='ocrx_word' id='word_1_127' title='bbox 828 2281 989 2380; x_wconf 75' lang='lat' dir='ltr'>propoli:</span> <span class='ocrx_word' id='word_1_128' title='bbox 1009 2279 1170 2379; x_wconf 85' lang='lat' dir='ltr'>itaquein</span> <span class='ocrx_word' id='word_1_129' title='bbox 1192 2283 1261 2358; x_wconf 87' lang='lat' dir='ltr'>hoc</span> <span class='ocrx_word' id='word_1_130' title='bbox 1284 2282 1358 2359; x_wconf 85' lang='lat' dir='ltr'>vim</span> 
     </span>
    </p>
   </div>
   <div class='ocr_carea' id='block_1_11' title="bbox 390 2393 1521 2492">
    <p class='ocr_par' dir='ltr' id='par_1_11' title="bbox 390 2393 1521 2492">
     <span class='ocr_line' id='line_1_18' title="bbox 390 2393 1521 2492; baseline 0.005 -25"><span class='ocrx_word' id='word_1_131' title='bbox 390 2394 456 2467; x_wconf 80' lang='lat' dir='ltr'>elle</span> <span class='ocrx_word' id='word_1_132' title='bbox 470 2393 647 2468; x_wconf 88' lang='lat' dir='ltr'>illiciendi.</span> <span class='ocrx_word' id='word_1_133' title='bbox 667 2394 829 2492; x_wconf 82' lang='lat' dir='ltr'>quocirca</span> <span class='ocrx_word' id='word_1_134' title='bbox 856 2411 1003 2467; x_wconf 84' lang='lat' dir='ltr'>examen</span> <span class='ocrx_word' id='word_1_135' title='bbox 1016 2393 1076 2466; x_wconf 91' lang='lat' dir='ltr'>ubi</span> <span class='ocrx_word' id='word_1_136' title='bbox 1094 2395 1218 2468; x_wconf 84' lang='lat' dir='ltr'>volunt</span> <span class='ocrx_word' id='word_1_137' title='bbox 1243 2395 1360 2470; x_wconf 73' lang='lat' dir='ltr'>confi-¹.</span> <span class='ocrx_word' id='word_1_138' title='bbox 1467 2473 1471 2478; x_wconf 79' lang='grc'>,</span> <span class='ocrx_word' id='word_1_139' title='bbox 1518 2468 1521 2473; x_wconf 92' lang='grc'>.</span> 
     </span>
    </p>
   </div>
   <div class='ocr_carea' id='block_1_12' title="bbox 391 2502 1412 2600">
    <p class='ocr_par' dir='ltr' id='par_1_12' title="bbox 391 2502 1412 2600">
     <span class='ocr_line' id='line_1_19' title="bbox 391 2502 1412 2600; baseline 0.001 -24"><span class='ocrx_word' id='word_1_140' title='bbox 391 2505 497 2595; x_wconf 87' lang='lat' dir='ltr'>dere,</span> <span class='ocrx_word' id='word_1_141' title='bbox 517 2529 597 2577; x_wconf 90' lang='lat' dir='ltr'>eum</span> <span class='ocrx_word' id='word_1_142' title='bbox 622 2526 777 2594; x_wconf 88' lang='lat' dir='ltr'>ramum,</span> <span class='ocrx_word' id='word_1_143' title='bbox 802 2503 949 2577; x_wconf 84' lang='lat' dir='ltr'>aliamve</span> <span class='ocrx_word' id='word_1_144' title='bbox 970 2527 1071 2600; x_wconf 85' lang='lat' dir='ltr'>quam</span> <span class='ocrx_word' id='word_1_145' title='bbox 1097 2527 1168 2575; x_wconf 85' lang='lat' dir='ltr'>rem</span> <span class='ocrx_word' id='word_1_146' title='bbox 1196 2502 1359 2578; x_wconf 88' lang='lat' dir='ltr'>oblinunt</span> <span class='ocrx_word' id='word_1_147' title='bbox 1404 2553 1412 2566; x_wconf 84' lang='lat'><em>·</em></span> 
     </span>
    </p>
   </div>
   <div class='ocr_carea' id='block_1_13' title="bbox 390 2596 1517 2710">
    <p class='ocr_par' dir='ltr' id='par_1_13' title="bbox 390 2596 1517 2710">
     <span class='ocr_line' id='line_1_20' title="bbox 390 2596 1517 2710; baseline -0.003 -22"><span class='ocrx_word' id='word_1_148' title='bbox 390 2616 483 2703; x_wconf 86' lang='lat' dir='ltr'>hoc,</span> <span class='ocrx_word' id='word_1_149' title='bbox 506 2613 659 2686; x_wconf 81' lang='lat' dir='ltr'>admlrrto</span> <span class='ocrx_word' id='word_1_150' title='bbox 686 2612 842 2710; x_wconf 84' lang='lat' dir='ltr'>apiastro.</span> <span class='ocrx_word' id='word_1_151' title='bbox 870 2600 980 2686; x_wconf 72' lang='lat' dir='ltr'>Favua</span> <span class='ocrx_word' id='word_1_152' title='bbox 1005 2610 1076 2698; x_wconf 83' lang='lat' dir='ltr'>est,</span> <span class='ocrx_word' id='word_1_153' title='bbox 1099 2634 1199 2708; x_wconf 88' lang='lat' dir='ltr'>quem</span> <span class='ocrx_word' id='word_1_154' title='bbox 1224 2606 1359 2708; x_wconf 86' lang='lat' dir='ltr'>fingunt</span> <span class='ocrx_word' id='word_1_155' title='bbox 1436 2656 1448 2699; x_wconf 86' lang='grc'>,-</span> <span class='ocrx_word' id='word_1_156' title='bbox 1495 2596 1517 2679; x_wconf 59' lang='lat' dir='ltr'><em>s</em></span> 
     </span>
    </p>
   </div>
   <div class='ocr_carea' id='block_1_14' title="bbox 351 2719 1410 4238">
    <p class='ocr_par' dir='ltr' id='par_1_14' title="bbox 351 2719 1410 4238">
     <span class='ocr_line' id='line_1_21' title="bbox 351 2719 1394 2819; baseline -0.001 -22"><span class='ocrx_word' id='word_1_157' title='bbox 351 2724 354 2741; x_wconf 89' lang='lat'>&#39;</span> <span class='ocrx_word' id='word_1_158' title='bbox 391 2722 647 2797; x_wconf 88' lang='lat' dir='ltr'>multicavatum</span> <span class='ocrx_word' id='word_1_159' title='bbox 665 2748 684 2796; x_wconf 88' lang='lat' dir='ltr'>e</span> <span class='ocrx_word' id='word_1_160' title='bbox 704 2748 801 2812; x_wconf 88' lang='lat' dir='ltr'>cera,</span> <span class='ocrx_word' id='word_1_161' title='bbox 821 2747 902 2809; x_wconf 82' lang='lat' dir='ltr'>¹cum</span> <span class='ocrx_word' id='word_1_162' title='bbox 921 2719 1048 2819; x_wconf 79' lang='lat' dir='ltr'>lingula</span> <span class='ocrx_word' id='word_1_163' title='bbox 1068 2745 1152 2796; x_wconf 86' lang='lat' dir='ltr'>cava</span> <span class='ocrx_word' id='word_1_164' title='bbox 1167 2719 1242 2793; x_wconf 86' lang='lat' dir='ltr'>sena</span> <span class='ocrx_word' id='word_1_165' title='bbox 1257 2720 1359 2796; x_wconf 77' lang='lat' dir='ltr'>latera</span> <span class='ocrx_word' id='word_1_166' title='bbox 1389 2748 1394 2755; x_wconf 81' lang='grc'>’</span> 
     </span>
     <span class='ocr_line' id='line_1_22' title="bbox 391 2820 1406 2930; baseline 0 -25"><span class='ocrx_word' id='word_1_167' title='bbox 391 2833 558 2920; x_wconf 87' lang='lat' dir='ltr'>habeant,</span> <span class='ocrx_word' id='word_1_168' title='bbox 584 2850 671 2930; x_wconf 89' lang='lat' dir='ltr'>quot</span> <span class='ocrx_word' id='word_1_169' title='bbox 691 2833 828 2930; x_wconf 77' lang='lat' dir='ltr'>singulis</span> <span class='ocrx_word' id='word_1_170' title='bbox 852 2831 954 2926; x_wconf 85' lang='lat' dir='ltr'>pedes</span> <span class='ocrx_word' id='word_1_171' title='bbox 973 2829 1065 2901; x_wconf 87' lang='lat' dir='ltr'>dedit</span> <span class='ocrx_word' id='word_1_172' title='bbox 1087 2848 1212 2901; x_wconf 87' lang='lat' dir='ltr'>natura.</span> <span class='ocrx_word' id='word_1_173' title='bbox 1235 2831 1359 2927; x_wconf 85' lang='lat' dir='ltr'>Neque</span> <span class='ocrx_word' id='word_1_174' title='bbox 1402 2820 1406 2825; x_wconf 39' lang='lat'>¹</span> 
     </span>
     <span class='ocr_line' id='line_1_23' title="bbox 391 2932 1360 3040; baseline -0.004 -25"><span class='ocrx_word' id='word_1_175' title='bbox 391 2965 469 3040; x_wconf 84' lang='lat' dir='ltr'>quae</span> <span class='ocrx_word' id='word_1_176' title='bbox 491 2942 677 3014; x_wconf 86' lang='lat' dir='ltr'>afferuntur</span> <span class='ocrx_word' id='word_1_177' title='bbox 699 2941 741 3031; x_wconf 88' lang='lat' dir='ltr'>ad</span> <span class='ocrx_word' id='word_1_178' title='bbox 764 2955 913 3036; x_wconf 90' lang='lat' dir='ltr'>quatuor</span> <span class='ocrx_word' id='word_1_179' title='bbox 938 2959 991 3011; x_wconf 82' lang='lat' dir='ltr'>res</span> <span class='ocrx_word' id='word_1_180' title='bbox 1013 2932 1203 3027; x_wconf 87' lang='lat' dir='ltr'>faciendas,</span> <span class='ocrx_word' id='word_1_181' title='bbox 1222 2961 1360 3034; x_wconf 87' lang='lat' dir='ltr'>propo·</span> 
     </span>
     <span class='ocr_line' id='line_1_24' title="bbox 391 3044 1359 3140; baseline -0.002 -18"><span class='ocrx_word' id='word_1_182' title='bbox 391 3051 478 3140; x_wconf 90' lang='lat' dir='ltr'>lim,</span> <span class='ocrx_word' id='word_1_183' title='bbox 501 3050 697 3136; x_wconf 88' lang='lat' dir='ltr'>erithacen‚</span> <span class='ocrx_word' id='word_1_184' title='bbox 723 3046 867 3136; x_wconf 86' lang='lat' dir='ltr'>favum,</span> <span class='ocrx_word' id='word_1_185' title='bbox 885 3045 977 3136; x_wconf 87' lang='lat' dir='ltr'>mel,</span> <span class='ocrx_word' id='word_1_186' title='bbox 998 3070 1038 3118; x_wconf 83' lang='lat' dir='ltr'>er</span> <span class='ocrx_word' id='word_1_187' title='bbox 1059 3044 1174 3117; x_wconf 85' lang='lat' dir='ltr'>iisdem</span> <span class='ocrx_word' id='word_1_188' title='bbox 1189 3046 1359 3121; x_wconf 74' lang='lat' dir='ltr'>omnibus</span> 
     </span>
     <span class='ocr_line' id='line_1_25' title="bbox 391 3153 1361 3254; baseline -0.002 -23"><span class='ocrx_word' id='word_1_189' title='bbox 391 3159 491 3231; x_wconf 91' lang='lat' dir='ltr'>rebus</span> <span class='ocrx_word' id='word_1_190' title='bbox 512 3181 649 3254; x_wconf 87' lang='lat' dir='ltr'>carpere</span> <span class='ocrx_word' id='word_1_191' title='bbox 666 3153 837 3229; x_wconf 88' lang='lat' dir='ltr'>dicuntur.</span> <span class='ocrx_word' id='word_1_192' title='bbox 858 3154 1022 3252; x_wconf 87' lang='lat' dir='ltr'>fimplex,</span> <span class='ocrx_word' id='word_1_193' title='bbox 1041 3154 1137 3253; x_wconf 90' lang='lat' dir='ltr'>quod</span> <span class='ocrx_word' id='word_1_194' title='bbox 1154 3155 1278 3228; x_wconf 85' lang='lat' dir='ltr'>emalo</span> <span class='ocrx_word' id='word_1_195' title='bbox 1294 3174 1361 3253; x_wconf 78' lang='lat' dir='ltr'>pu-:</span> 
     </span>
     <span class='ocr_line' id='line_1_26' title="bbox 391 3261 1360 3362; baseline 0 -23"><span class='ocrx_word' id='word_1_196' title='bbox 391 3265 497 3355; x_wconf 90' lang='lat' dir='ltr'>nico,</span> <span class='ocrx_word' id='word_1_197' title='bbox 521 3267 560 3339; x_wconf 80' lang='grc' dir='ltr'>δι</span> <span class='ocrx_word' id='word_1_198' title='bbox 583 3263 741 3362; x_wconf 81' lang='lat' dir='ltr'>asparago</span> <span class='ocrx_word' id='word_1_199' title='bbox 760 3261 873 3337; x_wconf 89' lang='lat' dir='ltr'>cibum</span> <span class='ocrx_word' id='word_1_200' title='bbox 897 3280 1034 3361; x_wconf 87' lang='lat' dir='ltr'>carpant</span> <span class='ocrx_word' id='word_1_201' title='bbox 1054 3263 1163 3336; x_wconf 91' lang='lat' dir='ltr'>solum</span> <span class='ocrx_word' id='word_1_202' title='bbox 1180 3318 1192 3355; x_wconf 86' lang='lat'>,</span> <span class='ocrx_word' id='word_1_203' title='bbox 1216 3288 1260 3337; x_wconf 79' lang='lat' dir='ltr'>ex</span> <span class='ocrx_word' id='word_1_204' title='bbox 1280 3265 1360 3340; x_wconf 86' lang='lat' dir='ltr'>olea</span> 
     </span>
     <span class='ocr_line' id='line_1_27' title="bbox 390 3370 1360 3470; baseline -0.002 -20"><span class='ocrx_word' id='word_1_205' title='bbox 390 3377 516 3450; x_wconf 89' lang='lat' dir='ltr'>arbore</span> <span class='ocrx_word' id='word_1_206' title='bbox 536 3397 700 3460; x_wconf 46' lang='lat' dir='ltr'>ceramre</span> <span class='ocrx_word' id='word_1_207' title='bbox 712 3370 782 3444; x_wconf 81' lang='lat' dir='ltr'>fico</span> <span class='ocrx_word' id='word_1_208' title='bbox 802 3372 893 3463; x_wconf 89' lang='lat' dir='ltr'>mel,</span> <span class='ocrx_word' id='word_1_209' title='bbox 907 3371 962 3444; x_wconf 87' lang='lat' dir='ltr'>sed</span> <span class='ocrx_word' id='word_1_210' title='bbox 982 3396 1054 3444; x_wconf 89' lang='lat' dir='ltr'>non</span> <span class='ocrx_word' id='word_1_211' title='bbox 1067 3371 1208 3456; x_wconf 85' lang='lat' dir='ltr'>bonum.</span> <span class='ocrx_word' id='word_1_212' title='bbox 1232 3372 1360 3470; x_wconf 85' lang='lat' dir='ltr'>duplex</span> 
     </span>
     <span class='ocr_line' id='line_1_28' title="bbox 393 3482 1360 3584; baseline 0.002 -24"><span class='ocrx_word' id='word_1_213' title='bbox 393 3485 615 3560; x_wconf 86' lang='lat' dir='ltr'>ministerium</span> <span class='ocrx_word' id='word_1_214' title='bbox 637 3485 804 3584; x_wconf 78' lang='lat' dir='ltr'>praeberi,</span> <span class='ocrx_word' id='word_1_215' title='bbox 823 3506 861 3559; x_wconf 91' lang='lat' dir='ltr'>ut</span> <span class='ocrx_word' id='word_1_216' title='bbox 880 3511 900 3557; x_wconf 85' lang='lat' dir='ltr'>e</span> <span class='ocrx_word' id='word_1_217' title='bbox 921 3482 1014 3577; x_wconf 90' lang='lat' dir='ltr'>faba,</span> <span class='ocrx_word' id='word_1_218' title='bbox 1036 3485 1182 3582; x_wconf 83' lang='lat' dir='ltr'>apiastro</span> <span class='ocrx_word' id='word_1_219' title='bbox 1197 3540 1219 3573; x_wconf 91' lang='lat'>,.</span> <span class='ocrx_word' id='word_1_220' title='bbox 1233 3510 1360 3562; x_wconf 82' lang='lat' dir='ltr'>cucur·</span> 
     </span>
     <span class='ocr_line' id='line_1_29' title="bbox 393 3593 1361 3686; baseline -0.003 -14"><span class='ocrx_word' id='word_1_221' title='bbox 393 3598 487 3686; x_wconf 88' lang='lat' dir='ltr'>bita,</span> <span class='ocrx_word' id='word_1_222' title='bbox 509 3595 671 3680; x_wconf 87' lang='lat' dir='ltr'>braffica‚</span> <span class='ocrx_word' id='word_1_223' title='bbox 688 3620 799 3668; x_wconf 85' lang='lat' dir='ltr'>ceram</span> <span class='ocrx_word' id='word_1_224' title='bbox 813 3596 852 3668; x_wconf 76' lang='grc' dir='ltr'>δι</span> <span class='ocrx_word' id='word_1_225' title='bbox 865 3593 992 3670; x_wconf 86' lang='lat' dir='ltr'>cibum.</span> <span class='ocrx_word' id='word_1_226' title='bbox 1014 3607 1165 3670; x_wconf 82' lang='lat' dir='ltr'>necnon</span> <span class='ocrx_word' id='word_1_227' title='bbox 1185 3593 1361 3676; x_wconf 61' lang='lat' dir='ltr'>aliterdun¹</span> 
     </span>
     <span class='ocr_line' id='line_1_30' title="bbox 393 3699 1369 3805; baseline -0.004 -27"><span class='ocrx_word' id='word_1_228' title='bbox 393 3706 499 3804; x_wconf 86' lang='lat' dir='ltr'>plex,</span> <span class='ocrx_word' id='word_1_229' title='bbox 515 3703 611 3800; x_wconf 90' lang='lat' dir='ltr'>quod</span> <span class='ocrx_word' id='word_1_230' title='bbox 633 3699 671 3773; x_wconf 84' lang='lat' dir='ltr'>fit</span> <span class='ocrx_word' id='word_1_231' title='bbox 686 3727 706 3774; x_wconf 94' lang='lat' dir='ltr'>e</span> <span class='ocrx_word' id='word_1_232' title='bbox 722 3702 815 3775; x_wconf 89' lang='lat' dir='ltr'>malo</span> <span class='ocrx_word' id='word_1_233' title='bbox 837 3703 876 3775; x_wconf 77' lang='grc' dir='ltr'>δι</span> <span class='ocrx_word' id='word_1_234' title='bbox 896 3702 978 3800; x_wconf 90' lang='lat' dir='ltr'>piris</span> <span class='ocrx_word' id='word_1_235' title='bbox 997 3702 1203 3776; x_wconf 76' lang='lat' dir='ltr'>silvestribus</span> <span class='ocrx_word' id='word_1_236' title='bbox 1218 3755 1229 3790; x_wconf 86' lang='lat'>,</span> <span class='ocrx_word' id='word_1_237' title='bbox 1244 3702 1369 3805; x_wconf 22' lang='lat' dir='ltr'>cibum·</span> 
     </span>
     <span class='ocr_line' id='line_1_31' title="bbox 394 3809 1360 3909; baseline -0.003 -21"><span class='ocrx_word' id='word_1_238' title='bbox 394 3817 433 3888; x_wconf 74' lang='grc' dir='ltr'>δι</span> <span class='ocrx_word' id='word_1_239' title='bbox 452 3812 529 3885; x_wconf 87' lang='lat' dir='ltr'>mel.</span> <span class='ocrx_word' id='word_1_240' title='bbox 548 3811 628 3883; x_wconf 87' lang='lat' dir='ltr'>item</span> <span class='ocrx_word' id='word_1_241' title='bbox 641 3809 739 3883; x_wconf 86' lang='lat' dir='ltr'>aliter</span> <span class='ocrx_word' id='word_1_242' title='bbox 751 3809 879 3905; x_wconf 81' lang='lat' dir='ltr'>duplex</span> <span class='ocrx_word' id='word_1_243' title='bbox 892 3864 903 3900; x_wconf 89' lang='lat'>‚</span> <span class='ocrx_word' id='word_1_244' title='bbox 917 3812 1047 3909; x_wconf 87' lang='lat' dir='ltr'>quode</span> <span class='ocrx_word' id='word_1_245' title='bbox 1071 3834 1236 3907; x_wconf 90' lang='lat' dir='ltr'>papavere</span> <span class='ocrx_word' id='word_1_246' title='bbox 1248 3835 1360 3885; x_wconf 86' lang='lat' dir='ltr'>ceram</span> 
     </span>
     <span class='ocr_line' id='line_1_32' title="bbox 395 3913 1400 4018; baseline -0.007 -21"><span class='ocrx_word' id='word_1_247' title='bbox 395 3925 434 3997; x_wconf 76' lang='grc' dir='ltr'>δι</span> <span class='ocrx_word' id='word_1_248' title='bbox 460 3923 538 3995; x_wconf 87' lang='lat' dir='ltr'>mel.</span> <span class='ocrx_word' id='word_1_249' title='bbox 561 3921 685 4016; x_wconf 81' lang='lat' dir='ltr'>triplex</span> <span class='ocrx_word' id='word_1_250' title='bbox 714 3918 936 3992; x_wconf 82' lang='lat' dir='ltr'>ministerium</span> <span class='ocrx_word' id='word_1_251' title='bbox 965 3943 1103 4018; x_wconf 87' lang='lat' dir='ltr'>quoque</span> <span class='ocrx_word' id='word_1_252' title='bbox 1124 3913 1221 4005; x_wconf 82' lang='lat' dir='ltr'>fieri,</span> <span class='ocrx_word' id='word_1_253' title='bbox 1240 3917 1298 3997; x_wconf 57' lang='lat' dir='ltr'>uti,</span> <span class='ocrx_word' id='word_1_254' title='bbox 1314 3941 1360 3991; x_wconf 82' lang='lat' dir='ltr'>ex</span> <span class='ocrx_word' id='word_1_255' title='bbox 1397 3938 1400 3943; x_wconf 86' lang='grc'><strong><em>·</em></strong></span> 
     </span>
     <span class='ocr_line' id='line_1_33' title="bbox 364 4026 1410 4126; baseline -0.007 -18"><span class='ocrx_word' id='word_1_256' title='bbox 364 4051 366 4055; x_wconf 76' lang='grc'>’</span> <span class='ocrx_word' id='word_1_257' title='bbox 395 4058 484 4110; x_wconf 88' lang='lat' dir='ltr'>nuce</span> <span class='ocrx_word' id='word_1_258' title='bbox 504 4035 642 4120; x_wconf 86' lang='lat' dir='ltr'>Graeca,</span> <span class='ocrx_word' id='word_1_259' title='bbox 657 4028 871 4125; x_wconf 83' lang='lat' dir='ltr'>&amp;elapsam</span> <span class='ocrx_word' id='word_1_260' title='bbox 884 4029 1016 4125; x_wconf 88' lang='lat' dir='ltr'>cibum,</span> <span class='ocrx_word' id='word_1_261' title='bbox 1030 4028 1118 4123; x_wconf 87' lang='lat' dir='ltr'>mel,</span> <span class='ocrx_word' id='word_1_262' title='bbox 1140 4051 1263 4102; x_wconf 87' lang='lat' dir='ltr'>ceram.</span> <span class='ocrx_word' id='word_1_263' title='bbox 1276 4026 1359 4115; x_wconf 87' lang='lat' dir='ltr'>item</span> <span class='ocrx_word' id='word_1_264' title='bbox 1407 4119 1410 4126; x_wconf 26' lang='grc' dir='ltr'><strong><em>Ι</em></strong></span> 
     </span>
     <span class='ocr_line' id='line_1_34' title="bbox 458 4139 1280 4238; baseline 0.004 -22"><span class='ocrx_word' id='word_1_265' title='bbox 458 4144 595 4238; x_wconf 68' lang='lat' dir='ltr'>¹Scriptt⁸</span> <span class='ocrx_word' id='word_1_266' title='bbox 609 4145 653 4218; x_wconf 86' lang='lat' dir='ltr'>R.</span> <span class='ocrx_word' id='word_1_267' title='bbox 670 4147 712 4215; x_wconf 80' lang='lat' dir='ltr'>R.</span> <span class='ocrx_word' id='word_1_268' title='bbox 732 4147 808 4217; x_wconf 84' lang='lat' dir='ltr'>Vol.</span> <span class='ocrx_word' id='word_1_269' title='bbox 820 4144 852 4220; x_wconf 81' lang='lat' dir='ltr'>I·</span> <span class='ocrx_word' id='word_1_270' title='bbox 1168 4139 1206 4232; x_wconf 84' lang='lat' dir='ltr'>Q</span> <span class='ocrx_word' id='word_1_271' title='bbox 1278 4139 1280 4149; x_wconf 50' lang='lat'>¹</span> 
     </span>
    </p>
   </div>
   <div class='ocr_carea' id='block_1_15' title="bbox 0 0 1760 5084">
    <p class='ocr_par' dir='ltr' id='par_1_15' title="bbox 0 0 1760 5084">
     <span class='ocr_line' id='line_1_35' title="bbox 0 0 1760 5084; baseline 0 0"><span class='ocrx_word' id='word_1_272' title='bbox 0 0 1760 5084; x_wconf 95' lang='lat' dir='ltr'> </span> 
     </span>
    </p>
   </div>
  </div>
 </body>
</html>
