3509 5084
573 482 1017 608 PRAEFATIO.
1186 519 1297 578 xlix.

322 648 587 751 tamorpholeon
611 675 735 749 opere:
757 651 849 749 quod
872 655 931 751 qui
956 682 1028 731 uno
1053 657 1143 756 quali
1165 659 1281 757 spiritu

308 766 438 865 ,legere
453 764 570 853 ,volet,
584 762 641 836 ille
661 764 800 837 demum
820 784 932 861 poete:
951 766 1123 863 ingenium
1146 771 1282 845 mirabi-

323 900 402 965 tur,
415 873 472 971 qui
486 872 577 945 mille
590 895 700 969 partes
714 872 945 948 diffimillimas
963 876 1008 948 ita
1022 875 1115 960 inter¹
1126 878 1158 951 se
1180 906 1283 979 coag-

322 982 548 1072 mutaverit,
561 1006 600 1064 ut
613 1007 686 1056 uno
711 981 823 1056 solido
844 984 966 1058 sallum
984 1011 1151 1061 marmore
1170 1009 1281 1065 totum

322 1089 407 1168 illud
427 1092 593 1189 templum
614 1088 777 1176 videatur.
795 1096 846 1165 lta
866 1119 967 1192 quam
986 1114 1062 1193 apte
1079 1094 1205 1170 Plinius
1225 1101 1282 1174 ille

324 1227 450 1280 naturae
468 1203 650 1278 historicus
669 1202 863 1277 transitione
884 1229 936 1278 res
957 1205 1041 1300 saepe
1053 1207 1281 1288 diverfiffimas

283 1359 288 1381 e
324 1313 523 1388 conuellitl
537 1329 692 1385 ut·unum
706 1310 849 1385 voluisse
862 1312 958 1385 illum
974 1314 1097 1388 librum
1108 1320 1178 1392 uno
1192 1322 1281 1419 quafi

324 1426 465 1519 protelo
492 1436 683 1518 percurrere
711 1440 877 1518 appareat.
904 1425 995 1515 Quae
1023 1450 1099 1504 cum
1126 1427 1171 1500 ita
1200 1430 1284 1522 sint,

326 1532 507 1611 dillecuille
526 1529 1036 1629 antiqu05,quaelcrips1ffent‚'
1055 1535 1091 1605 in
1111 1555 1221 1631 partes
1239 1539 1284 1611 li-

326 1644 395 1717 bris
410 1643 485 1740 ipsis
503 1641 673 1732 minores,
685 1664 756 1712 non
775 1637 823 1712 est
838 1642 1032 1737 probabile:
1045 1645 1105 1741 qui
1121 1647 1284 1725 librorum

327 1749 429 1844 ipsam
444 1748 647 1824 divilionem
662 1748 703 1819 ad
719 1747 935 1822 voluminum
947 1752 987 1824 &
1002 1753 1191 1828 chartarum
1204 1779 1297 1832 mo··

329 1858 406 1930 dum
426 1844 615 1931 neceffitate
632 1854 774 1950 quadam
794 1847 1102 1952 attemperaverilt.

374 1972 469 2045 XXl.
480 1967 545 2042 Sed
558 1983 715 2041 exortum
731 1983 840 2039 tamen
855 1984 984 2040 mature
997 1968 1044 2041 est
1056 1994 1162 2067 genus
1172 1976 1284 2070 quod·

329 2081 426 2168 dam,
444 2081 532 2152 unde
557 2079 677 2176 gradus
695 2077 739 2148 ad
761 2075 928 2171 capitum,
950 2103 1026 2175 quae
1048 2101 1174 2168 vocent
1194 2083 1284 2158 divi·

331 2187 441 2260 fiones
467 2185 572 2258 sallus
595 2183 652 2259 ell.
679 2181 847 2254 Nimirum
873 2183 999 2279 quide
1026 2187 1127 2260 rebus
1149 2188 1284 2265 diverlis

333 2294 624 2391 scriberent‚quas
639 2316 711 2366 non
731 2316 851 2366 omnes
873 2283 986 2366 omnis
999 2295 1101 2389 palati
1123 2297 1188 2371 effe
1201 2282 1284 2392 ῥιπ-

333 2405 506 2492 viderent,
527 2402 552 2475 ii
577 2402 729 2476 solebant
757 2407 875 2474 indices
902 2403 1090 2498 quosdam,
1120 2413 1286 2499 lemmata,

322 2518 498 2611 fhmmaria
516 2510 595 2609 (his
612 2510 703 2584 enim
720 2527 865 2618 luuntur
882 2510 981 2583 unius
999 2509 1217 2613 ejusdemque
1237 2516 1286 2591 rei

330 2627 524 2703 nominibus
549 2625 699 2699 aulloles
726 2622 867 2723 idonei)
888 2650 1060 2722 apponere
1086 2618 1179 2702 libris
1202 2631 1285 2723 suis,

329 2738 473 2812 sednon
494 2734 644 2832 partibus
662 2758 804 2822 eorum,
821 2756 906 2830 quas
925 2734 971 2806 ita
991 2731 1167 2809 dillrahere
1184 2740 1223 2814 δι
1235 2740 1288 2812 la·

330 2869 442 2919 cerate
461 2846 642 2935 nolebant,
662 2869 782 2918 verum
806 2864 877 2916 uno
898 2842 932 2914 in
955 2844 1037 2916 loco
1059 2843 1120 2915 sub
1142 2849 1288 2939 eonspee

331 2953 421 3026 &um
440 2953 581 3050 legentis
593 2953 765 3048 ponebant
783 2949 1042 3046 uniuscujusque
1054 2961 1288 3049 ar'gumentum

330 3063 418 3137 libri.
436 3065 515 3136 Hoc
531 3059 683 3136 Valerius
702 3064 849 3133 Soranus
864 3059 1008 3147 fecerat,
1021 3058 1116 3154 cujus
1130 3059 1162 3133 se
1175 3084 1288 3135 exem·

332 3173 424 3269 plum
442 3174 591 3249 secutum
610 3172 656 3244 ait
672 3173 799 3245 Plinius
818 3172 853 3243 in
874 3171 947 3269 ipso
964 3170 1189 3268 praefallionis
1210 3172 1296 3268 line,

334 3279 392 3357 cui
409 3282 553 3354 indicem
574 3280 668 3379 illuri!
693 3280 879 3380 subjungit,
900 3304 972 3378 quo
996 3281 1080 3355 liber
1103 3301 1194 3355 totus
1216 3285 1289 3382 pri·
1329 3296 1334 3307 '

331 3414 409 3475 mus
426 3389 589 3486 impletur.
610 3393 688 3466 Hoc
708 3393 864 3481 Gellius,
882 3391 950 3463 hoc
967 3391 1102 3463 Solinus
1123 3390 1224 3484 fecit,
1246 3394 1289 3466 de

331 3526 481 3598 quorum
499 3502 682 3576 summariis
697 3502 884 3598 plenillime
896 3551 907 3589 ,
921 3522 958 3571 ut
977 3501 1080 3590 solet,
1095 3501 1239 3600 disputat
1253 3505 1289 3576 in

332 3607 530 3706 prefatione
552 3611 593 3681 ad
620 3632 709 3704 opus
737 3632 895 3704 magnum
920 3607 1081 3682 Claudius
1103 3610 1291 3683 Salmafius.

333 3718 439 3808 Quod
461 3741 548 3791 vero
576 3717 643 3805 ait,
663 3718 705 3813 al>
727 3715 828 3790 initio
849 3717 1133 3814 tantumoperis,
1155 3721 1193 3790 δι
1216 3715 1291 3812 post

332 3825 568 3922 praefationem
592 3824 719 3919 positos
738 3825 772 3899 id
795 3850 899 3923 genus
919 3826 1069 3914 indiceS,
1093 3826 1219 3896 oblitus
1244 3816 1292 3900 ell

334 3935 437 4009 credo
454 3933 660 4007 Columellae
685 3934 807 4026 nostri,
826 3934 889 4034 qui
909 3933 1027 4010 diserte
1047 3932 1149 4006 docet
1164 3933 1198 4007 in
1217 3935 1290 4041 ipso

404 4045 533 4136 Scriptt.
552 4044 593 4115 R.
610 4039 650 4112 R.
672 4043 743 4119 Vol.
765 4046 793 4112 I.
1037 4051 1039 4056 ’
1106 4037 1148 4110 'd

783 4313 881 4389 l.
