3509 5084
333 577 390 639 ιιι
518 544 1115 633 10.MATTH.G'ESNER1

333 723 405 797 sere
430 736 600 815 carerent,
624 716 696 788 noir
729 717 960 817 potuitfieri,
976 739 1016 793 ut
1044 742 1196 797 accurate
1220 724 1294 802 satis

332 833 486 904 lemmata
507 827 565 900 illa
584 825 826 924 responderent
845 831 1019 902 auctorum
1043 832 1179 906 verbis:
1206 860 1293 933 qua·

332 963 369 1011 re
393 934 706 1034 supervenientibus
733 937 876 1012 librariis
898 939 1061 1035 imperitis
1087 961 1185 1036 atque
1216 943 1294 1016 bar·
1368 972 1383 980 ··

332 1046 442 1138 baris,
455 1047 515 1144 qui
527 1046 656 1124 vellent
664 1047 817 1145 superare
836 1066 958 1120 ornatu
972 1050 1178 1148 archetypos
1194 1051 1292 1143 suos,

332 1158 372 1231 &
396 1154 523 1231 indices
548 1155 647 1249 illos,
673 1182 778 1256 quos,
801 1162 924 1232 rubrica
950 1178 986 1230 ur
1020 1157 1158 1248 fierent,
1184 1161 1292 1234 minio

331 1264 539 1364 pingebant,
569 1283 726 1360 tanquam
752 1262 946 1346 emblemata
978 1268 1129 1363 quadam
1162 1267 1293 1343 intexe·

333 1402 389 1468 re,
409 1376 581 1474 saepissime
604 1372 778 1446 absurdum
801 1371 839 1446 'in
863 1375 1003 1446 modurn
1028 1375 1175 1464 distracta
1199 1376 1291 1469 sunt,

331 1499 410 1582 'quae
432 1488 583 1567 austores
609 1480 773 1554 volebant
800 1480 1078 1575 conjunlliffima.
1103 1485 1182 1559 Vid.
1210 1513 1239 1560 e.
1263 1513 1293 1562 c.

332 1596 414 1667 Col.
433 1619 470 1675 2,
489 1620 548 1680 11,
568 1616 655 1681 1.4,
675 1592 771 1664 12&
790 1615 827 1686 ¹3
848 1590 997 1687 itemque
1024 1595 1062 1663 16
1085 1596 1123 1666 &
1145 1621 1195 1687 ¹7·
1213 1597 1292 1670 Col.

336 1728 391 1790 ιι,
410 1728 454 1778 ,ιι
472 1703 510 1774 &
530 1728 569 1775 ιι
584 1719 678 1789 ,tum
699 1727 743 1793 14
759 1702 797 1774 δι
816 1727 866 1796 15·
882 1704 930 1771 lta
944 1725 1018 1794 pars
1030 1701 1147 1774 ultima
1160 1728 1231 1798 cap.
1249 1726 1288 1801 51

330 1811 373 1882 ad
391 1831 432 1908 52
446 1808 609 1902 adiunsla.
623 1812 675 1882 Ac
690 1827 823 1906 poterat
835 1808 901 1882 illis
914 1808 1009 1894 malis
1024 1812 1156 1884 acutior
1171 1812 1291 1907 aliquis

330 1917 429 1991 facile
450 1919 585 1992 mederi.
602 1918 656 1992 sed
678 1937 715 1992 ut
735 1917 781 1991 ell
798 1943 908 2016 prona
927 1917 961 1990 in
983 1918 1066 1991 viria
1093 1921 1292 2012 mortalitas,

330 2025 551 2101 successerunt
576 2026 744 2098 interdum
772 2027 846 2116 his,
871 2026 931 2123 qui
954 2028 1154 2101 medicinam
1180 2030 1291 2101 multo

330 2137 481 2233 pejorem
511 2134 678 2222 facerent,
701 2138 738 2208 δι
768 2135 814 2207 ita
844 2136 1090 2209 concinnarent
1114 2141 1293 2231 verba,¹ut
1338 2206 1341 2211 .

330 2245 466 2345 vestigia
484 2245 540 2319 illa
564 2244 951 2333 continuataeorationis
969 2246 1206 2340 abolerentur,
1219 2274 1290 2322 cer-

331 2379 365 2434 te
386 2356 722 2432 obscurarenter..1V.
742 2357 851 2426 Porro
869 2377 947 2428 cunt
970 2355 1080 2430 otiosa
1099 2358 1171 2432 aliis
1193 2360 1290 2432 vide·

331 2486 448 2550 rentur
465 2467 565 2539 verba
579 2463 699 2537 iterum
714 2461 839 2556 posita,
859 2465 896 2538 δι
917 2463 1084 2547 rubricam
1097 2466 1202 2539 solain
1223 2466 1289 2553 ser·

330 2592 471 2666 vatent,
493 2600 565 2649 eam
589 2598 677 2647 vero
697 2571 822 2668 ipsam,
844 2571 901 2645 alii
926 2572 982 2647 vel
1003 2573 1176 2646 differrent
1193 2574 1290 2646 minii

330 2680 479 2771 desedit,
493 2677 686 2776 paulopost
700 2675 921 2779 explendam,
934 2678 989 2750 vel
1011 2676 1109 2775 plane
1131 2699 1290 2752 ornatum

331 2801 402 2864 non
414 2788 633 2865 necessarium
647 2788 843 2860 omitterent
854 2812 864 2857 ε
875 2810 914 2857 ea
928 2810 978 2858 res
990 2787 1184 2860 truncandis
1196 2787 1289 2884 capi·

259 2929 261 2936 ·
329 2901 420 2975 tibus
439 2900 653 2979 occasionem
670 2894 771 2969 dedit.
788 2894 951 2990 Exempla
973 2892 1069 2988 supra
1081 2895 1122 2966 ad
1135 2914 1220 2979 mu.
1234 2896 1289 2966 de·

327 3003 451 3085 dimus.
469 3014 513 3081 V.
536 3006 698 3105 Denique
724 3004 800 3094 alii,
821 3004 880 3077 vel
903 3020 941 3076 ut
955 2998 1075 3106 ‘minio
1096 3010 1289 3101 parcereht,

330 3118 392 3192 vel>
401 3117 464 3204 alia
478 3116 519 3187 de
539 3115 657 3204 causa,
677 3118 735 3187 vel
753 3115 1035 3216 temeritate,ea,
1055 3140 1131 3211 quae
1148 3115 1290 3186 lemma·

328 3227 371 3301 tis
395 3223 572 3305 stationem
599 3222 687 3295 tueri
712 3223 815 3307 verba
843 3223 950 3295 aliena
974 3222 1170 3312 debebant,
1189 3223 1290 3321 ipsus

327 3333 474 3425 auctoris
493 3350 661 3407 contexto
680 3330 944 3408 immiscuerunt.
962 3358 991 3406 e.
1007 3358 1038 3430 g.
1052 3335 1091 3406 C.
1113 3361 1147 3431 3,
1165 3360 1191 3431 7
1206 3352 1292 3409 extr.

328 3441 513 3526 VanLell.
653 3454 657 3465 ‘

385 3548 519 3626 XXlV.
532 3547 610 3621 Post
624 3548 846 3647 multiplicem
859 3549 952 3623 illam
971 3576 990 3622 a
1014 3549 1180 3624 lemmatis'
1198 3549 1287 3623 cala·

324 3664 498 3749 mitatem,
512 3659 634 3733 mitum
654 3682 725 3729 non
751 3659 817 3745 est,
836 3663 859 3734 1.
877 3685 956 3755 quae
971 3659 1074 3730 hodie
1094 3657 1287 3754 interposita

324 3773 481 3870 leguntur
499 3769 635 3874 Catoni
656 3771 694 3842 δι
720 3768 875 3864 reliquis,
895 3794 933 3840 ea
958 3753 1174 3851 vibententer
1200 3767 1288 3839 inter

266 3917 268 3920 ·
325 3881 358 3961 se
379 3881 528 3956 invicem
549 3877 752 3971 discrepare,
775 3895 813 3949 ut
828 3876 913 3948 nulli
935 3870 1004 3949 sere
1024 3879 1112 3948 libro
1137 3876 1288 3948 cumal-

326 4011 402 4072 tcto
419 3989 625 4083 conveniat,
641 3987 701 4062 nist
720 3988 814 4086 quod
824 4039 836 4082 ,
848 4006 888 4060 ur
903 3987 1043 4091 quisque
1062 3984 1109 4059 est
1125 3983 1286 4083 antiquis-
