3509 5084
385 604 458 657 xt'l
563 576 1169 653 10.;lt.aTTHGEsn⁷ER1

384 744 442 815 illa
456 740 538 827 sint,
553 740 609 814 hic
628 759 777 834 repetere
794 742 879 813 nibil
901 766 987 836 opus
1000 741 1066 831 cll,
1080 768 1157 814 cum
1178 743 1213 814 in
1235 734 1348 817 inclite

383 852 559 925 nullorum
578 848 640 921 sub
658 851 860 923 Columellae
884 852 1024 923 nomine
1048 851 1271 948 posuerimus.
1296 858 1349 925 Ex

385 984 451 1049 eo,
469 961 566 1057 quod
588 959 722 1058 Syriam
736 959 960 1056 Ciliciamque
975 960 1006 1032 se
1026 960 1142 1032 obiisse
1154 960 1280 1033 indicat
1301 990 1349 1049 2,

390 1094 454 1159 10,
476 1070 539 1158 18,
559 1068 649 1142 sorte
666 1094 740 1143 non
757 1067 881 1165 injuria
906 1068 1081 1165 collegerit
1099 1067 1243 1164 aliquis,
1270 1095 1348 1141 cum

385 1181 548 1278 imperio,
559 1201 650 1257 cette
664 1208 742 1257 cum
753 1180 928 1277 potestate,
938 1179 986 1250 ibi
998 1205 1074 1252 eum
1090 1178 1193 1254 fuisse.
1207 1183 1253 1251 Ea
1267 1206 1350 1254 con·

386 1288 513 1387 jellura
532 1292 636 1367 fuerit
654 1308 749 1363 tanto
767 1290 879 1360 minus
896 1288 1153 1385 improbabilis,
1168 1291 1192 1361 st
1218 1317 1260 1363 ex
1286 1317 1350 1362 eo·

390 1402 468 1475 dem
487 1402 600 1474 indice
620 1397 794 1470 nullorum
810 1397 851 1468 de
873 1416 996 1492 patruo
1017 1397 1118 1494 ipsius
1134 1400 1250 1471 Marco
1264 1451 1274 1486 ,
1288 1399 1350 1469 ali·

390 1516 466 1607 quis
485 1513 582 1584 volet
607 1508 839 1607 cognoscere:
864 1512 923 1607 qui
950 1511 1038 1582 idem
1067 1513 1191 1600 docet,
1218 1513 1352 1609 quoties

389 1621 616 1697 Columellam
627 1619 793 1693 Palladius
805 1620 940 1708 laudet,
954 1621 1189 1718 Vegetiusque.
1205 1624 1262 1692 De
1275 1640 1353 1690 aeta·

389 1748 425 1802 te
440 1728 564 1804 certius
585 1726 681 1802 statui
693 1729 773 1802 inde
789 1729 919 1825 potest,
934 1732 1028 1827 quod
1042 1733 1179 1804 Senecae
1202 1729 1352 1802 viventis

392 1844 431 1914 &
455 1837 609 1911 florentis
626 1838 753 1929 ‘vineas
781 1861 1027 1914 commemorat
1058 1869 1098 1938 3,
1122 1863 1163 1934 3,
1190 1867 1206 1938 3
1226 1858 1353 1936 :atque

393 1947 592 2020 Cornelium
614 1948 922 2039 Celsum‚suotum
943 1970 1135 2047 temporum
1158 1952 1271 2024 vitum
1288 1977 1354 2023 no·

393 2058 498 2132 minat
514 2083 551 2142 1,
570 2082 608 2146 ι,
627 2082 694 2145 14:
715 2058 831 2155 paffim
845 2053 914 2152 ipse
926 2058 1047 2131 citatur
1059 2085 1077 2132 a
1090 2060 1201 2131 Plinio
1215 2057 1354 2152 majore.

394 2164 454 2263 φιὶ
465 2165 605 2264 quidem
620 2191 692 2237 non
715 2167 816 2239 nimis
829 2167 879 2239 illi
891 2192 1005 2264 aequus
1018 2169 1152 2240 videtur
1165 2168 1278 2255 fuisse,
1292 2194 1355 2238 cu·

392 2274 445 2373 jus
471 2275 520 2347 rei
534 2276 592 2349 vel
608 2275 802 2349 teslimonia
824 2278 881 2349 vel
900 2275 1024 2349 indicia
1039 2277 1243 2373 proferimus
1256 2277 1298 2348 ad
1314 2301 1357 2361 2,

394 2413 441 2475 2,
467 2412 519 2485 ¹9·
543 2412 586 2476 2,
609 2386 763 2480 9,8.2,
784 2412 896 2478 15,4.
917 2411 959 2473 2,
982 2389 1094 2478 ¹⁶24·
1117 2415 1240 2473 2,21,
1268 2411 1297 2483 5.
1317 2408 1357 2482 ς,

394 2497 440 2584 6,
454 2517 510 2569 20.
532 2518 594 2579 10,
609 2516 692 2584 407.
706 2499 760 2563 An
785 2512 911 2586 pungat
928 2491 1023 2564 illum
1043 2520 1055 2563 1
1071 2546 1083 2581 ‚
1097 2500 1140 2583 6,
1158 2522 1198 2591 3,
1211 2493 1357 2587 itemque

394 2601 528 2699 inipso
548 2603 663 2699 operis
675 2601 724 2679 sui
745 2603 920 2698 prooemio
933 2590 1117 2690 Palladius,
1132 2603 1225 2675 adea
1246 2601 1358 2696 dispu-

392 2726 531 2793 un'tus:
552 2712 676 2810 injuria
695 2715 832 2810 quidem
855 2734 945 2785 certe
969 2713 1004 2786 in
1027 2714 1224 2809 prooemio,
1245 2714 1267 2783 st
1291 2712 1359 2785 boc

397 2824 521 2898 voluit.
546 2826 596 2895 lta
621 2823 711 2894 enim
735 2820 891 2916 profecto
914 2820 1052 2894 disertus
1075 2822 1123 2894 esl
1137 2820 1357 2907 Columella,

398 2962 473 3010 non
491 2958 529 3009 ut
548 2952 781 3032 argumentum
804 2933 966 3026 simplex,
985 2934 1079 3027 quod
1102 2933 1219 3006 doceri
1244 2950 1360 3017 amat,

399 3047 547 3119 dicendo
561 3047 735 3130 obscuret,
750 3043 845 3139 quod
859 3042 1008 3114 Palladio
1019 3042 1149 3115 sacilius
1162 3042 1282 3138 aliquis
1298 3040 1362 3110 ob-

399 3155 492 3250 jiciat
504 3210 516 3243 ,
538 3154 593 3226 sed
614 3171 652 3225 ut
671 3153 844 3226 clarislima
863 3155 940 3226 luce
964 3152 1141 3247 perfundat
1163 3151 1302 3237 omnia,
1325 3154 1363 3221 ὅ(

400 3280 567 3336 mereatur
586 3286 658 3333 non
671 3260 755 3333 illud
765 3262 877 3339 modo,
898 3262 1049 3359 Vegetii,
1065 3267 1237 3335 Columella
1261 3266 1363 3330 abun·

403 3379 493 3447 davit
514 3377 639 3445 dicendi
655 3374 821 3464 fhculras,
837 3371 892 3443 sed
916 3371 996 3441 illud
1020 3394 1157 3466 quoque
1184 3367 1364 3441 Theodori

403 3485 497 3555 Bezae
515 3482 752 3578 Epigramma,
773 3482 868 3576 quod
884 3506 953 3552 uon
968 3479 1002 3548 in
1024 3480 1217 3553 Fabriciana
1234 3495 1362 3547 tantum

404 3591 626 3679 bibliotheca,
641 3591 766 3663 sedhic
782 3591 884 3662 etiam
902 3591 965 3686 legi
987 3589 1123 3683 dignum
1144 3592 1212 3662 ell:

407 3706 530 3797 Orphea
542 3707 657 3773 mirata
677 3702 718 3802 est
735 3705 887 3791 Rhodope
907 3690 964 3771 fa'a
976 3699 1054 3787 fara
1068 3707 1244 3786 canentem,

454 3818 495 3885 Si
516 3817 608 3883 modo
632 3813 917 3906 Virgiliicarmina
933 3811 1061 3899 pondus
1075 3810 1196 3878 stabam.

412 3924 461 3991 Tu
478 3953 567 4009 vero,
584 3926 682 4010 Iuni,
695 3922 855 4020 filvrstria
873 3945 947 3987 rura
969 3922 1108 3986 canendo

460 4032 534 4128 Prss
554 4054 581 4102 rr
600 4032 687 4125 ipsas
701 4031 786 4101 urbes
807 4033 1003 4099 inmatura
1023 4028 1132 4097 trahis.
