<?xml version="1.0" encoding="UTF-8"?>
<!DOCTYPE html PUBLIC "-//W3C//DTD XHTML 1.0 Transitional//EN"
    "http://www.w3.org/TR/xhtml1/DTD/xhtml1-transitional.dtd">
<html xmlns="http://www.w3.org/1999/xhtml" xml:lang="en" lang="en">
 <head>
  <title>
</title>
<meta http-equiv="Content-Type" content="text/html;charset=utf-8" />
  <meta name='ocr-system' content='tesseract 3.04.00' />
  <meta name='ocr-capabilities' content='ocr_page ocr_carea ocr_par ocr_line ocrx_word'/>
</head>
<body>
  <div class='ocr_page' id='page_1' title='image "./scriptoresreiru02gesngoog_0262.png"; bbox 0 0 3509 5084; ppageno 0'>
   <div class='ocr_carea' id='block_1_1' title="bbox 1113 350 1222 408">
    <p class='ocr_par' dir='ltr' id='par_1_1' title="bbox 1113 350 1222 408">
     <span class='ocr_line' id='line_1_1' title="bbox 1113 350 1222 408; baseline 0 -23"><span class='ocrx_word' id='word_1_1' title='bbox 1113 384 1121 408; x_wconf 75' lang='lat' dir='ltr'>t</span> <span class='ocrx_word' id='word_1_2' title='bbox 1210 350 1222 385; x_wconf 82' lang='lat' dir='ltr'>s</span> 
     </span>
    </p>
   </div>
   <div class='ocr_carea' id='block_1_2' title="bbox 411 496 1285 640">
    <p class='ocr_par' dir='ltr' id='par_1_2' title="bbox 411 496 1285 640">
     <span class='ocr_line' id='line_1_2' title="bbox 411 496 1285 640; baseline -0.008 -1"><span class='ocrx_word' id='word_1_3' title='bbox 411 496 423 518; x_wconf 80' lang='lat'><strong><em>‘</em></strong></span> <span class='ocrx_word' id='word_1_4' title='bbox 462 574 539 640; x_wconf 64' lang='lat' dir='ltr'>loo</span> <span class='ocrx_word' id='word_1_5' title='bbox 611 561 660 632; x_wconf 92' lang='grc' dir='ltr'>Μ.</span> <span class='ocrx_word' id='word_1_6' title='bbox 685 554 960 630; x_wconf 88' lang='lat' dir='ltr'>TERENTII</span> <span class='ocrx_word' id='word_1_7' title='bbox 984 556 1285 632; x_wconf 74' lang='lat' dir='ltr'>VARRONIS</span> 
     </span>
    </p>
   </div>
   <div class='ocr_carea' id='block_1_3' title="bbox 309 713 1506 3464">
    <p class='ocr_par' dir='ltr' id='par_1_3' title="bbox 459 713 1496 1368">
     <span class='ocr_line' id='line_1_3' title="bbox 464 713 1496 820; baseline 0.001 -29"><span class='ocrx_word' id='word_1_8' title='bbox 464 721 590 820; x_wconf 85' lang='lat' dir='ltr'>quibus</span> <span class='ocrx_word' id='word_1_9' title='bbox 602 718 790 792; x_wconf 77' lang='lat' dir='ltr'>carceribus</span> <span class='ocrx_word' id='word_1_10' title='bbox 800 719 955 792; x_wconf 86' lang='lat' dir='ltr'>decurrat</span> <span class='ocrx_word' id='word_1_11' title='bbox 968 718 1010 791; x_wconf 92' lang='lat' dir='ltr'>ad</span> <span class='ocrx_word' id='word_1_12' title='bbox 1021 736 1135 792; x_wconf 85' lang='lat' dir='ltr'>metas.</span> <span class='ocrx_word' id='word_1_13' title='bbox 1149 720 1277 813; x_wconf 68' lang='lat' dir='ltr'>Stolo</span> <span class='ocrx_word' id='word_1_14' title='bbox 1291 742 1368 792; x_wconf 88' lang='lat' dir='ltr'>cum</span> <span class='ocrx_word' id='word_1_15' title='bbox 1379 713 1431 793; x_wconf 73' lang='lat' dir='ltr'>as·</span> <span class='ocrx_word' id='word_1_16' title='bbox 1455 772 1472 819; x_wconf 53' lang='lat'><em>3</em></span> <span class='ocrx_word' id='word_1_17' title='bbox 1491 777 1496 784; x_wconf 93' lang='lat'><em>.</em></span> 
     </span>
     <span class='ocr_line' id='line_1_4' title="bbox 464 828 1432 927; baseline 0.005 -27"><span class='ocrx_word' id='word_1_18' title='bbox 464 828 602 927; x_wconf 74' lang='lat' dir='ltr'>perisset</span> <span class='ocrx_word' id='word_1_19' title='bbox 617 831 803 901; x_wconf 65' lang='lat' dir='ltr'>Scirorum</span> <span class='ocrx_word' id='word_1_20' title='bbox 817 882 828 917; x_wconf 95' lang='lat'>,</span> <span class='ocrx_word' id='word_1_21' title='bbox 844 830 919 917; x_wconf 92' lang='lat' dir='ltr'>Tu,</span> <span class='ocrx_word' id='word_1_22' title='bbox 933 828 1066 924; x_wconf 86' lang='lat' dir='ltr'>inquit,</span> <span class='ocrx_word' id='word_1_23' title='bbox 1079 829 1117 902; x_wconf 76' lang='grc' dir='ltr'>δι</span> <span class='ocrx_word' id='word_1_24' title='bbox 1131 847 1247 918; x_wconf 75' lang='lat' dir='ltr'>aetate,</span> <span class='ocrx_word' id='word_1_25' title='bbox 1261 832 1300 904; x_wconf 76' lang='grc' dir='ltr'>δι</span> <span class='ocrx_word' id='word_1_26' title='bbox 1313 830 1432 905; x_wconf 89' lang='lat' dir='ltr'>hono·</span> 
     </span>
     <span class='ocr_line' id='line_1_5' title="bbox 464 938 1433 1037; baseline 0 -21"><span class='ocrx_word' id='word_1_27' title='bbox 464 964 524 1029; x_wconf 87' lang='lat' dir='ltr'>re,</span> <span class='ocrx_word' id='word_1_28' title='bbox 542 943 579 1013; x_wconf 78' lang='grc' dir='ltr'>δι</span> <span class='ocrx_word' id='word_1_29' title='bbox 595 938 729 1013; x_wconf 85' lang='lat' dir='ltr'>scientia</span> <span class='ocrx_word' id='word_1_30' title='bbox 744 939 839 1037; x_wconf 93' lang='lat' dir='ltr'>quod</span> <span class='ocrx_word' id='word_1_31' title='bbox 854 938 1007 1035; x_wconf 76' lang='lat' dir='ltr'>praestas,</span> <span class='ocrx_word' id='word_1_32' title='bbox 1020 939 1133 1013; x_wconf 89' lang='lat' dir='ltr'>dicere</span> <span class='ocrx_word' id='word_1_33' title='bbox 1148 940 1257 1012; x_wconf 83' lang='lat' dir='ltr'>debes.</span> <span class='ocrx_word' id='word_1_34' title='bbox 1282 940 1342 1014; x_wconf 88' lang='lat' dir='ltr'>llle</span> <span class='ocrx_word' id='word_1_35' title='bbox 1355 967 1433 1016; x_wconf 88' lang='lat' dir='ltr'>non</span> 
     </span>
     <span class='ocr_line' id='line_1_6' title="bbox 460 1047 1434 1151; baseline 0.001 -29"><span class='ocrx_word' id='word_1_36' title='bbox 460 1067 640 1151; x_wconf 76' lang='lat' dir='ltr'>gravatus,</span> <span class='ocrx_word' id='word_1_37' title='bbox 656 1047 974 1146; x_wconf 85' lang='lat' dir='ltr'>Primum,·inquit‚</span> <span class='ocrx_word' id='word_1_38' title='bbox 993 1065 1068 1123; x_wconf 80' lang='lat' dir='ltr'>no&#39;u</span> <span class='ocrx_word' id='word_1_39' title='bbox 1089 1049 1196 1122; x_wconf 91' lang='lat' dir='ltr'>modo</span> <span class='ocrx_word' id='word_1_40' title='bbox 1210 1049 1256 1122; x_wconf 88' lang='lat' dir='ltr'>est</span> <span class='ocrx_word' id='word_1_41' title='bbox 1273 1075 1349 1140; x_wconf 88' lang='lat' dir='ltr'>ars,</span> <span class='ocrx_word' id='word_1_42' title='bbox 1373 1050 1434 1123; x_wconf 87' lang='lat' dir='ltr'>sed</span> 
     </span>
     <span class='ocr_line' id='line_1_7' title="bbox 462 1155 1434 1258; baseline -0.003 -23"><span class='ocrx_word' id='word_1_43' title='bbox 462 1161 566 1236; x_wconf 79' lang='lat' dir='ltr'>etiam</span> <span class='ocrx_word' id='word_1_44' title='bbox 582 1156 762 1232; x_wconf 82' lang='lat' dir='ltr'>necessaria</span> <span class='ocrx_word' id='word_1_45' title='bbox 784 1182 823 1231; x_wconf 84' lang='lat' dir='ltr'>ac</span> <span class='ocrx_word' id='word_1_46' title='bbox 843 1170 974 1256; x_wconf 83' lang='lat' dir='ltr'>magba.</span> <span class='ocrx_word' id='word_1_47' title='bbox 996 1182 1103 1254; x_wconf 83' lang='lat' dir='ltr'>eaque</span> <span class='ocrx_word' id='word_1_48' title='bbox 1117 1156 1163 1230; x_wconf 81' lang='lat' dir='ltr'>est</span> <span class='ocrx_word' id='word_1_49' title='bbox 1181 1155 1333 1248; x_wconf 84' lang='lat' dir='ltr'>scientia,</span> <span class='ocrx_word' id='word_1_50' title='bbox 1350 1185 1434 1258; x_wconf 81' lang='lat' dir='ltr'>quae</span> 
     </span>
     <span class='ocr_line' id='line_1_8' title="bbox 459 1267 1435 1368; baseline -0.005 -21"><span class='ocrx_word' id='word_1_51' title='bbox 459 1274 589 1363; x_wconf 74' lang='lat' dir='ltr'>¹(locet,</span> <span class='ocrx_word' id='word_1_52' title='bbox 612 1295 689 1367; x_wconf 80' lang='lat' dir='ltr'>quae</span> <span class='ocrx_word' id='word_1_53' title='bbox 717 1268 781 1341; x_wconf 87' lang='lat' dir='ltr'>smt</span> <span class='ocrx_word' id='word_1_54' title='bbox 804 1268 841 1342; x_wconf 88' lang='lat' dir='ltr'>in</span> <span class='ocrx_word' id='word_1_55' title='bbox 868 1293 1012 1366; x_wconf 90' lang='lat' dir='ltr'>quoquo</span> <span class='ocrx_word' id='word_1_56' title='bbox 1038 1294 1120 1368; x_wconf 86' lang='lat' dir='ltr'>agro</span> <span class='ocrx_word' id='word_1_57' title='bbox 1144 1267 1284 1342; x_wconf 86' lang='lat' dir='ltr'>serunda</span> <span class='ocrx_word' id='word_1_58' title='bbox 1307 1295 1347 1345; x_wconf 89' lang='lat' dir='ltr'>ac</span> <span class='ocrx_word' id='word_1_59' title='bbox 1374 1270 1435 1343; x_wconf 88' lang='lat' dir='ltr'>fa·</span> 
     </span>
    </p>

    <p class='ocr_par' dir='ltr' id='par_1_4' title="bbox 371 1378 1434 1570">
     <span class='ocr_line' id='line_1_9' title="bbox 371 1378 1434 1490; baseline -0.002 -30"><span class='ocrx_word' id='word_1_60' title='bbox 371 1402 375 1410; x_wconf 82' lang='lat'>&#39;</span> <span class='ocrx_word' id='word_1_61' title='bbox 458 1385 585 1462; x_wconf 73' lang='lat' dir='ltr'>tiunda</span> <span class='ocrx_word' id='word_1_62' title='bbox 599 1437 621 1487; x_wconf 16' lang='lat' dir='ltr'>‚J</span> <span class='ocrx_word' id='word_1_63' title='bbox 635 1403 780 1481; x_wconf 77' lang='lat' dir='ltr'>quaeque</span> <span class='ocrx_word' id='word_1_64' title='bbox 807 1397 898 1453; x_wconf 87' lang='lat' dir='ltr'>terra</span> <span class='ocrx_word' id='word_1_65' title='bbox 922 1378 1093 1453; x_wconf 82' lang='lat' dir='ltr'>max-imos</span> <span class='ocrx_word' id='word_1_66' title='bbox 1119 1384 1434 1490; x_wconf 79' lang='lat' dir='ltr'>perpetuoteddat</span> 
     </span>
     <span class='ocr_line' id='line_1_10' title="bbox 460 1494 601 1570; baseline -0.035 0"><span class='ocrx_word' id='word_1_67' title='bbox 460 1494 601 1570; x_wconf 67' lang='lat' dir='ltr'>stulius.</span> 
     </span>
    </p>

    <p class='ocr_par' dir='ltr' id='par_1_5' title="bbox 260 1592 1491 2143">
     <span class='ocr_line' id='line_1_11' title="bbox 511 1592 1491 1700; baseline 0.005 -24"><span class='ocrx_word' id='word_1_68' title='bbox 511 1608 569 1676; x_wconf 89' lang='lat' dir='ltr'>IV.</span> <span class='ocrx_word' id='word_1_69' title='bbox 589 1599 669 1696; x_wconf 86' lang='lat' dir='ltr'>Ejus</span> <span class='ocrx_word' id='word_1_70' title='bbox 690 1592 859 1698; x_wconf 81' lang='lat' dir='ltr'>principia</span> <span class='ocrx_word' id='word_1_71' title='bbox 876 1598 957 1673; x_wconf 86' lang='lat' dir='ltr'>sunt</span> <span class='ocrx_word' id='word_1_72' title='bbox 975 1599 1112 1685; x_wconf 70' lang='lat' dir='ltr'>eadem.‘</span> <span class='ocrx_word' id='word_1_73' title='bbox 1126 1622 1204 1700; x_wconf 75' lang='lat' dir='ltr'>qute</span> <span class='ocrx_word' id='word_1_74' title='bbox 1225 1605 1344 1678; x_wconf 90' lang='lat' dir='ltr'>mundi</span> <span class='ocrx_word' id='word_1_75' title='bbox 1363 1608 1435 1682; x_wconf 80' lang='lat' dir='ltr'>ell&#39;e</span> <span class='ocrx_word' id='word_1_76' title='bbox 1489 1658 1491 1660; x_wconf 90' lang='lat'><em>-</em></span> 
     </span>
     <span class='ocr_line' id='line_1_12' title="bbox 378 1710 1432 1810; baseline 0.009 -29"><span class='ocrx_word' id='word_1_77' title='bbox 378 1764 389 1781; x_wconf 73' lang='grc'>,</span> <span class='ocrx_word' id='word_1_78' title='bbox 461 1715 592 1794; x_wconf 79' lang='lat' dir='ltr'>Ennius</span> <span class='ocrx_word' id='word_1_79' title='bbox 620 1711 754 1800; x_wconf 83' lang='lat' dir='ltr'>scribit,</span> <span class='ocrx_word' id='word_1_80' title='bbox 779 1736 887 1810; x_wconf 88' lang='lat' dir='ltr'>aqua,</span> <span class='ocrx_word' id='word_1_81' title='bbox 906 1729 1011 1801; x_wconf 83' lang='lat' dir='ltr'>terra,</span> <span class='ocrx_word' id='word_1_82' title='bbox 1036 1710 1165 1801; x_wconf 85' lang='lat' dir='ltr'>anima,</span> <span class='ocrx_word' id='word_1_83' title='bbox 1188 1715 1228 1786; x_wconf 92' lang='lat'>&amp;</span> <span class='ocrx_word' id='word_1_84' title='bbox 1253 1713 1315 1788; x_wconf 89' lang='lat' dir='ltr'>sol.</span> <span class='ocrx_word' id='word_1_85' title='bbox 1343 1717 1432 1790; x_wconf 88' lang='lat' dir='ltr'>Haec</span> 
     </span>
     <span class='ocr_line' id='line_1_13' title="bbox 372 1818 1432 1923; baseline 0.001 -24"><span class='ocrx_word' id='word_1_86' title='bbox 372 1902 384 1923; x_wconf 60' lang='lat'>‚</span> <span class='ocrx_word' id='word_1_87' title='bbox 457 1822 553 1899; x_wconf 76' lang='lat' dir='ltr'>enim</span> <span class='ocrx_word' id='word_1_88' title='bbox 568 1820 803 1922; x_wconf 85' lang='lat' dir='ltr'>cognoscenda</span> <span class='ocrx_word' id='word_1_89' title='bbox 819 1821 933 1918; x_wconf 87' lang='lat' dir='ltr'>prius,</span> <span class='ocrx_word' id='word_1_90' title='bbox 945 1845 1048 1917; x_wconf 87' lang='lat' dir='ltr'>quam</span> <span class='ocrx_word' id='word_1_91' title='bbox 1062 1818 1163 1915; x_wconf 87' lang='lat' dir='ltr'>jacias</span> <span class='ocrx_word' id='word_1_92' title='bbox 1176 1822 1322 1911; x_wconf 85' lang='lat' dir='ltr'>semina,</span> <span class='ocrx_word' id='word_1_93' title='bbox 1333 1829 1432 1920; x_wconf 91' lang='lat' dir='ltr'>quod</span> 
     </span>
     <span class='ocr_line' id='line_1_14' title="bbox 309 1914 1431 2030; baseline -0.001 -21.042"><span class='ocrx_word' id='word_1_94' title='bbox 309 1980 313 1987; x_wconf 94' lang='lat'>·</span> <span class='ocrx_word' id='word_1_95' title='bbox 343 1914 369 1931; x_wconf 52' lang='grc'><strong>’</strong></span> <span class='ocrx_word' id='word_1_96' title='bbox 427 1939 429 1943; x_wconf 76' lang='grc'><strong>’</strong></span> <span class='ocrx_word' id='word_1_97' title='bbox 460 1932 597 2009; x_wconf 89' lang='lat' dir='ltr'>initium</span> <span class='ocrx_word' id='word_1_98' title='bbox 612 1931 781 2004; x_wconf 73' lang='lat' dir='ltr'>fratruum</span> <span class='ocrx_word' id='word_1_99' title='bbox 804 1931 927 2004; x_wconf 86' lang='lat' dir='ltr'>oritur.</span> <span class='ocrx_word' id='word_1_100' title='bbox 945 1928 1036 2004; x_wconf 88' lang='lat' dir='ltr'>Hinc</span> <span class='ocrx_word' id='word_1_101' title='bbox 1053 1928 1198 2027; x_wconf 66' lang='lat' dir='ltr'>proserii</span> <span class='ocrx_word' id='word_1_102' title='bbox 1211 1933 1369 2030; x_wconf 83' lang='lat' dir='ltr'>agricolae</span> <span class='ocrx_word' id='word_1_103' title='bbox 1385 1937 1431 2008; x_wconf 90' lang='lat' dir='ltr'>ad</span> 
     </span>
     <span class='ocr_line' id='line_1_15' title="bbox 460 2036 1431 2143; baseline -0.005 -25"><span class='ocrx_word' id='word_1_104' title='bbox 460 2046 543 2118; x_wconf 87' lang='lat' dir='ltr'>duas</span> <span class='ocrx_word' id='word_1_105' title='bbox 562 2057 664 2113; x_wconf 86' lang='lat' dir='ltr'>metas</span> <span class='ocrx_word' id='word_1_106' title='bbox 683 2036 826 2136; x_wconf 85' lang='lat' dir='ltr'>dirigere</span> <span class='ocrx_word' id='word_1_107' title='bbox 846 2038 986 2140; x_wconf 67' lang='lat' dir='ltr'>debent,</span> <span class='ocrx_word' id='word_1_108' title='bbox 1007 2038 1050 2112; x_wconf 88' lang='lat' dir='ltr'>ad</span> <span class='ocrx_word' id='word_1_109' title='bbox 1070 2037 1247 2143; x_wconf 80' lang='lat' dir='ltr'>utilitatem</span> <span class='ocrx_word' id='word_1_110' title='bbox 1268 2043 1307 2115; x_wconf 91' lang='lat'>&amp;</span> <span class='ocrx_word' id='word_1_111' title='bbox 1320 2043 1431 2114; x_wconf 85' lang='lat' dir='ltr'>volu-</span> 
     </span>
    </p>

    <p class='ocr_par' dir='ltr' id='par_1_6' title="bbox 361 2143 1491 2584">
     <span class='ocr_line' id='line_1_16' title="bbox 361 2143 1430 2252; baseline 0 -26"><span class='ocrx_word' id='word_1_112' title='bbox 361 2143 363 2146; x_wconf 7' lang='grc' dir='ltr'><em>Α</em></span> <span class='ocrx_word' id='word_1_113' title='bbox 459 2171 598 2252; x_wconf 86' lang='lat' dir='ltr'>ptatem.</span> <span class='ocrx_word' id='word_1_114' title='bbox 617 2148 755 2223; x_wconf 79' lang='lat' dir='ltr'>Utilitas</span> <span class='ocrx_word' id='word_1_115' title='bbox 775 2149 898 2245; x_wconf 81' lang='lat' dir='ltr'>quaerit</span> <span class='ocrx_word' id='word_1_116' title='bbox 913 2148 1082 2240; x_wconf 72' lang='lat' dir='ltr'>fruslum,</span> <span class='ocrx_word' id='word_1_117' title='bbox 1101 2150 1264 2246; x_wconf 70' lang='lat' dir='ltr'>voluptas</span> <span class='ocrx_word' id='word_1_118' title='bbox 1284 2152 1430 2226; x_wconf 69' lang='lat' dir='ltr'>deterra-</span> 
     </span>
     <span class='ocr_line' id='line_1_17' title="bbox 460 2260 1428 2362; baseline -0.001 -22"><span class='ocrx_word' id='word_1_119' title='bbox 460 2267 604 2340; x_wconf 89' lang='lat' dir='ltr'>tionem.</span> <span class='ocrx_word' id='word_1_120' title='bbox 628 2260 762 2333; x_wconf 82' lang='lat' dir='ltr'>Priores</span> <span class='ocrx_word' id='word_1_121' title='bbox 784 2278 893 2357; x_wconf 88' lang='lat' dir='ltr'>partes</span> <span class='ocrx_word' id='word_1_122' title='bbox 912 2261 997 2361; x_wconf 87' lang='lat' dir='ltr'>agit,</span> <span class='ocrx_word' id='word_1_123' title='bbox 1022 2261 1118 2361; x_wconf 91' lang='lat' dir='ltr'>quod</span> <span class='ocrx_word' id='word_1_124' title='bbox 1137 2260 1219 2335; x_wconf 89' lang='lat' dir='ltr'>utile</span> <span class='ocrx_word' id='word_1_125' title='bbox 1238 2263 1306 2357; x_wconf 86' lang='lat' dir='ltr'>est,</span> <span class='ocrx_word' id='word_1_126' title='bbox 1326 2291 1428 2362; x_wconf 89' lang='lat' dir='ltr'>quam</span> 
     </span>
     <span class='ocr_line' id='line_1_18' title="bbox 458 2371 1431 2479; baseline 0.004 -32"><span class='ocrx_word' id='word_1_127' title='bbox 458 2377 556 2476; x_wconf 85' lang='lat' dir='ltr'>quo&#39;d</span> <span class='ocrx_word' id='word_1_128' title='bbox 574 2373 723 2447; x_wconf 68' lang='lat' dir='ltr'>delcetat.</span> <span class='ocrx_word' id='word_1_129' title='bbox 741 2374 816 2444; x_wconf 86' lang='lat' dir='ltr'>Nec</span> <span class='ocrx_word' id='word_1_130' title='bbox 839 2397 912 2445; x_wconf 88' lang='lat' dir='ltr'>non</span> <span class='ocrx_word' id='word_1_131' title='bbox 924 2398 987 2461; x_wconf 79' lang='lat' dir='ltr'>ea,</span> <span class='ocrx_word' id='word_1_132' title='bbox 1006 2400 1083 2473; x_wconf 87' lang='lat' dir='ltr'>quae</span> <span class='ocrx_word' id='word_1_133' title='bbox 1098 2372 1231 2446; x_wconf 84' lang='lat' dir='ltr'>faciunt</span> <span class='ocrx_word' id='word_1_134' title='bbox 1244 2371 1431 2479; x_wconf 84' lang='lat' dir='ltr'>[cultura]</span> 
     </span>
     <span class='ocr_line' id='line_1_19' title="bbox 459 2484 1491 2584; baseline -0.001 -21"><span class='ocrx_word' id='word_1_135' title='bbox 459 2487 691 2564; x_wconf 76' lang='lat' dir='ltr'>honestiorem</span> <span class='ocrx_word' id='word_1_136' title='bbox 710 2509 846 2582; x_wconf 83' lang='lat' dir='ltr'>agrum,</span> <span class='ocrx_word' id='word_1_137' title='bbox 866 2486 1026 2584; x_wconf 83' lang='lat' dir='ltr'>pleraque</span> <span class='ocrx_word' id='word_1_138' title='bbox 1048 2510 1120 2559; x_wconf 88' lang='lat' dir='ltr'>non</span> <span class='ocrx_word' id='word_1_139' title='bbox 1141 2485 1251 2558; x_wconf 90' lang='lat' dir='ltr'>solum</span> <span class='ocrx_word' id='word_1_140' title='bbox 1273 2484 1430 2562; x_wconf 60' lang='lat' dir='ltr'>uuuuoa</span> <span class='ocrx_word' id='word_1_141' title='bbox 1486 2535 1491 2545; x_wconf 50' lang='grc' dir='ltr'><em>ι</em></span> 
     </span>
    </p>

    <p class='ocr_par' dir='ltr' id='par_1_7' title="bbox 437 2595 1506 3025">
     <span class='ocr_line' id='line_1_20' title="bbox 439 2595 1430 2683; baseline 0.004 -9"><span class='ocrx_word' id='word_1_142' title='bbox 439 2603 582 2674; x_wconf 53' lang='lat' dir='ltr'>‘liorem</span> <span class='ocrx_word' id='word_1_143' title='bbox 607 2596 750 2670; x_wconf 86' lang='lat' dir='ltr'>eundem</span> <span class='ocrx_word' id='word_1_144' title='bbox 775 2595 986 2683; x_wconf 79' lang='lat' dir='ltr'>faciunt‚=ut</span> <span class='ocrx_word' id='word_1_145' title='bbox 1009 2623 1088 2672; x_wconf 87' lang='lat' dir='ltr'>cum</span> <span class='ocrx_word' id='word_1_146' title='bbox 1109 2597 1146 2668; x_wconf 90' lang='lat' dir='ltr'>in</span> <span class='ocrx_word' id='word_1_147' title='bbox 1170 2597 1326 2671; x_wconf 87' lang='lat' dir='ltr'>ordinem</span> <span class='ocrx_word' id='word_1_148' title='bbox 1350 2600 1430 2679; x_wconf 89' lang='lat' dir='ltr'>sunt</span> 
     </span>
     <span class='ocr_line' id='line_1_21' title="bbox 437 2703 1506 2804; baseline 0 -19"><span class='ocrx_word' id='word_1_149' title='bbox 437 2790 440 2797; x_wconf 85' lang='lat'><em>.</em></span> <span class='ocrx_word' id='word_1_150' title='bbox 458 2707 592 2786; x_wconf 74' lang='lat' dir='ltr'>consita</span> <span class='ocrx_word' id='word_1_151' title='bbox 605 2703 736 2779; x_wconf 84' lang='lat' dir='ltr'>arbusta</span> <span class='ocrx_word' id='word_1_152' title='bbox 751 2725 852 2804; x_wconf 86' lang='lat' dir='ltr'>arque</span> <span class='ocrx_word' id='word_1_153' title='bbox 866 2706 1018 2797; x_wconf 86' lang='lat' dir='ltr'>oliveta,</span> <span class='ocrx_word' id='word_1_154' title='bbox 1032 2707 1199 2780; x_wconf 87' lang='lat' dir='ltr'>sedetiam</span> <span class='ocrx_word' id='word_1_155' title='bbox 1214 2707 1431 2785; x_wconf 81' lang='lat' dir='ltr'>vendibilio-</span> <span class='ocrx_word' id='word_1_156' title='bbox 1503 2735 1506 2742; x_wconf 86' lang='grc'>’</span> 
     </span>
     <span class='ocr_line' id='line_1_22' title="bbox 458 2813 1429 2914; baseline -0.003 -18"><span class='ocrx_word' id='word_1_157' title='bbox 458 2830 532 2896; x_wconf 82' lang='lat' dir='ltr'>&#39;rem</span> <span class='ocrx_word' id='word_1_158' title='bbox 545 2872 556 2908; x_wconf 85' lang='lat'>‚</span> <span class='ocrx_word' id='word_1_159' title='bbox 570 2835 670 2914; x_wconf 85' lang='lat' dir='ltr'>atque</span> <span class='ocrx_word' id='word_1_160' title='bbox 686 2813 904 2910; x_wconf 83' lang='lat' dir='ltr'>adjiciuntad</span> <span class='ocrx_word' id='word_1_161' title='bbox 922 2815 1019 2889; x_wconf 86' lang='lat' dir='ltr'>fundi</span> <span class='ocrx_word' id='word_1_162' title='bbox 1032 2815 1189 2913; x_wconf 86' lang='lat' dir='ltr'>pretium.</span> <span class='ocrx_word' id='word_1_163' title='bbox 1212 2821 1315 2888; x_wconf 77' lang='lat' dir='ltr'>nemo</span> <span class='ocrx_word' id='word_1_164' title='bbox 1328 2818 1429 2894; x_wconf 79' lang='lat' dir='ltr'>enim</span> 
     </span>
     <span class='ocr_line' id='line_1_23' title="bbox 456 2924 1432 3025; baseline -0.001 -19"><span class='ocrx_word' id='word_1_165' title='bbox 456 2932 576 3010; x_wconf 79' lang='lat' dir='ltr'>eadem</span> <span class='ocrx_word' id='word_1_166' title='bbox 590 2927 735 3014; x_wconf 79' lang='lat' dir='ltr'>utilitate</span> <span class='ocrx_word' id='word_1_167' title='bbox 754 2950 827 2998; x_wconf 88' lang='lat' dir='ltr'>non</span> <span class='ocrx_word' id='word_1_168' title='bbox 841 2924 1025 2999; x_wconf 76' lang='lat' dir='ltr'>formosius</span> <span class='ocrx_word' id='word_1_169' title='bbox 1041 2927 1136 3025; x_wconf 90' lang='lat' dir='ltr'>quod</span> <span class='ocrx_word' id='word_1_170' title='bbox 1149 2925 1212 3017; x_wconf 82' lang='lat' dir='ltr'>eli,</span> <span class='ocrx_word' id='word_1_171' title='bbox 1226 2951 1336 3001; x_wconf 83' lang='lat' dir='ltr'>emere</span> <span class='ocrx_word' id='word_1_172' title='bbox 1350 2950 1432 3005; x_wconf 54' lang='lat' dir='ltr'>mad</span> 
     </span>
    </p>

    <p class='ocr_par' dir='ltr' id='par_1_8' title="bbox 351 3033 1438 3464">
     <span class='ocr_line' id='line_1_24' title="bbox 351 3033 1428 3134; baseline 0.002 -24"><span class='ocrx_word' id='word_1_173' title='bbox 351 3074 363 3117; x_wconf 69' lang='grc'>,-</span> <span class='ocrx_word' id='word_1_174' title='bbox 459 3041 538 3116; x_wconf 80' lang='lat' dir='ltr'>vult</span> <span class='ocrx_word' id='word_1_175' title='bbox 561 3037 683 3134; x_wconf 87' lang='lat' dir='ltr'>pluris,</span> <span class='ocrx_word' id='word_1_176' title='bbox 697 3060 798 3133; x_wconf 87' lang='lat' dir='ltr'>quam</span> <span class='ocrx_word' id='word_1_177' title='bbox 818 3036 843 3107; x_wconf 91' lang='lat' dir='ltr'>fi</span> <span class='ocrx_word' id='word_1_178' title='bbox 864 3035 910 3108; x_wconf 90' lang='lat' dir='ltr'>est</span> <span class='ocrx_word' id='word_1_179' title='bbox 930 3033 1120 3126; x_wconf 68' lang='lat' dir='ltr'>srusluosus</span> <span class='ocrx_word' id='word_1_180' title='bbox 1139 3033 1259 3132; x_wconf 86' lang='lat' dir='ltr'>turpis.</span> <span class='ocrx_word' id='word_1_181' title='bbox 1278 3035 1428 3112; x_wconf 82' lang='lat' dir='ltr'>Utitiffi-</span> 
     </span>
     <span class='ocr_line' id='line_1_25' title="bbox 459 3138 1426 3246; baseline -0.005 -21"><span class='ocrx_word' id='word_1_182' title='bbox 459 3173 535 3225; x_wconf 86' lang='lat' dir='ltr'>mus</span> <span class='ocrx_word' id='word_1_183' title='bbox 559 3165 670 3221; x_wconf 86' lang='lat' dir='ltr'>autem</span> <span class='ocrx_word' id='word_1_184' title='bbox 689 3145 719 3246; x_wconf 79' lang='lat' dir='ltr'>¹is</span> <span class='ocrx_word' id='word_1_185' title='bbox 744 3169 844 3244; x_wconf 84' lang='lat' dir='ltr'>ager,</span> <span class='ocrx_word' id='word_1_186' title='bbox 861 3143 922 3242; x_wconf 89' lang='lat' dir='ltr'>qui</span> <span class='ocrx_word' id='word_1_187' title='bbox 947 3138 1112 3217; x_wconf 72' lang='lat' dir='ltr'>salubrior</span> <span class='ocrx_word' id='word_1_188' title='bbox 1130 3145 1204 3235; x_wconf 67' lang='lat' dir='ltr'>rest,</span> <span class='ocrx_word' id='word_1_189' title='bbox 1220 3171 1322 3244; x_wconf 92' lang='lat' dir='ltr'>quam</span> <span class='ocrx_word' id='word_1_190' title='bbox 1346 3138 1426 3243; x_wconf 84' lang='lat' dir='ltr'>alii,¹</span> 
     </span>
     <span class='ocr_line' id='line_1_26' title="bbox 458 3253 1438 3367; baseline -0.002 -36"><span class='ocrx_word' id='word_1_191' title='bbox 458 3257 556 3358; x_wconf 89' lang='lat' dir='ltr'>quod</span> <span class='ocrx_word' id='word_1_192' title='bbox 575 3256 621 3327; x_wconf 94' lang='lat' dir='ltr'>ibi</span> <span class='ocrx_word' id='word_1_193' title='bbox 636 3253 762 3339; x_wconf 72' lang='lat' dir='ltr'>fruslus</span> <span class='ocrx_word' id='word_1_194' title='bbox 780 3270 902 3328; x_wconf 85' lang='lat' dir='ltr'>certus.</span> <span class='ocrx_word' id='word_1_195' title='bbox 926 3253 1047 3325; x_wconf 86' lang='lat' dir='ltr'>contra</span> <span class='ocrx_word' id='word_1_196' title='bbox 1061 3254 1158 3352; x_wconf 87' lang='lat' dir='ltr'>quod</span> <span class='ocrx_word' id='word_1_197' title='bbox 1180 3255 1215 3326; x_wconf 91' lang='lat' dir='ltr'>in</span> <span class='ocrx_word' id='word_1_198' title='bbox 1235 3255 1438 3367; x_wconf 38' lang='lat' dir='ltr'>pestilenti„</span> 
     </span>
     <span class='ocr_line' id='line_1_27' title="bbox 459 3359 1424 3464; baseline -0.003 -20"><span class='ocrx_word' id='word_1_199' title='bbox 459 3366 646 3452; x_wconf 86' lang='lat' dir='ltr'>calamitas,</span> <span class='ocrx_word' id='word_1_200' title='bbox 661 3364 818 3464; x_wconf 85' lang='lat' dir='ltr'>quamvis</span> <span class='ocrx_word' id='word_1_201' title='bbox 831 3361 866 3434; x_wconf 90' lang='lat' dir='ltr'>in</span> <span class='ocrx_word' id='word_1_202' title='bbox 880 3359 982 3436; x_wconf 89' lang='lat' dir='ltr'>feraci</span> <span class='ocrx_word' id='word_1_203' title='bbox 998 3387 1105 3461; x_wconf 84' lang='lat' dir='ltr'>agro,</span> <span class='ocrx_word' id='word_1_204' title='bbox 1119 3363 1285 3437; x_wconf 88' lang='lat' dir='ltr'>colonum</span> <span class='ocrx_word' id='word_1_205' title='bbox 1300 3368 1342 3441; x_wconf 92' lang='lat' dir='ltr'>ad</span> <span class='ocrx_word' id='word_1_206' title='bbox 1353 3367 1424 3441; x_wconf 87' lang='lat' dir='ltr'>fru-</span> 
     </span>
    </p>
   </div>
   <div class='ocr_carea' id='block_1_4' title="bbox 348 3473 1427 4123">
    <p class='ocr_par' dir='ltr' id='par_1_9' title="bbox 376 3473 1425 3573">
     <span class='ocr_line' id='line_1_28' title="bbox 376 3473 1425 3573; baseline -0.001 -23"><span class='ocrx_word' id='word_1_207' title='bbox 376 3511 380 3519; x_wconf 93' lang='lat'><em>·</em></span> <span class='ocrx_word' id='word_1_208' title='bbox 452 3478 531 3550; x_wconf 66' lang='lat' dir='ltr'>trus</span> <span class='ocrx_word' id='word_1_209' title='bbox 551 3474 732 3573; x_wconf 86' lang='lat' dir='ltr'>pervenire</span> <span class='ocrx_word' id='word_1_210' title='bbox 753 3499 827 3548; x_wconf 88' lang='lat' dir='ltr'>non</span> <span class='ocrx_word' id='word_1_211' title='bbox 846 3473 986 3572; x_wconf 89' lang='lat' dir='ltr'>patitur.</span> <span class='ocrx_word' id='word_1_212' title='bbox 1000 3473 1135 3547; x_wconf 87' lang='lat' dir='ltr'>Etenim</span> <span class='ocrx_word' id='word_1_213' title='bbox 1158 3475 1219 3548; x_wconf 94' lang='lat' dir='ltr'>ubi</span> <span class='ocrx_word' id='word_1_214' title='bbox 1240 3476 1328 3554; x_wconf 87' lang='lat' dir='ltr'>ratio</span> <span class='ocrx_word' id='word_1_215' title='bbox 1346 3490 1425 3556; x_wconf 85' lang='lat' dir='ltr'>cum</span> 
     </span>
    </p>

    <p class='ocr_par' dir='ltr' id='par_1_10' title="bbox 348 3562 1427 3787">
     <span class='ocr_line' id='line_1_29' title="bbox 348 3562 1427 3680; baseline 0.001 -21"><span class='ocrx_word' id='word_1_216' title='bbox 348 3580 352 3592; x_wconf 81' lang='lat'>&#39;</span> <span class='ocrx_word' id='word_1_217' title='bbox 409 3562 420 3586; x_wconf 58' lang='lat'><strong><em>¹</em></strong></span> <span class='ocrx_word' id='word_1_218' title='bbox 457 3610 548 3660; x_wconf 88' lang='lat' dir='ltr'>orco</span> <span class='ocrx_word' id='word_1_219' title='bbox 571 3583 797 3674; x_wconf 87' lang='lat' dir='ltr'>habetur,ibi</span> <span class='ocrx_word' id='word_1_220' title='bbox 819 3610 893 3657; x_wconf 88' lang='lat' dir='ltr'>non</span> <span class='ocrx_word' id='word_1_221' title='bbox 916 3584 1025 3658; x_wconf 91' lang='lat' dir='ltr'>modo</span> <span class='ocrx_word' id='word_1_222' title='bbox 1044 3584 1170 3660; x_wconf 73' lang='lat' dir='ltr'>fruslus</span> <span class='ocrx_word' id='word_1_223' title='bbox 1185 3585 1232 3658; x_wconf 87' lang='lat' dir='ltr'>est</span> <span class='ocrx_word' id='word_1_224' title='bbox 1255 3585 1427 3680; x_wconf 76' lang='lat' dir='ltr'>incertus,¹</span> 
     </span>
     <span class='ocr_line' id='line_1_30' title="bbox 458 3693 1426 3787; baseline 0.001 -17"><span class='ocrx_word' id='word_1_225' title='bbox 458 3693 629 3769; x_wconf 80' lang='lat' dir='ltr'>sedetiam</span> <span class='ocrx_word' id='word_1_226' title='bbox 648 3693 835 3766; x_wconf 86' lang='lat' dir='ltr'>colentium</span> <span class='ocrx_word' id='word_1_227' title='bbox 851 3694 935 3766; x_wconf 89' lang='lat' dir='ltr'>vita.</span> <span class='ocrx_word' id='word_1_228' title='bbox 957 3696 1145 3787; x_wconf 81' lang='lat' dir='ltr'>Quareubi</span> <span class='ocrx_word' id='word_1_229' title='bbox 1165 3695 1336 3769; x_wconf 84' lang='lat' dir='ltr'>salubritas</span> <span class='ocrx_word' id='word_1_230' title='bbox 1350 3722 1426 3771; x_wconf 89' lang='lat' dir='ltr'>non</span> 
     </span>
    </p>

    <p class='ocr_par' dir='ltr' id='par_1_11' title="bbox 429 3800 1427 3900">
     <span class='ocr_line' id='line_1_31' title="bbox 429 3800 1427 3900; baseline 0.002 -24"><span class='ocrx_word' id='word_1_231' title='bbox 429 3888 432 3895; x_wconf 24' lang='grc' dir='ltr'>Ι</span> <span class='ocrx_word' id='word_1_232' title='bbox 458 3802 529 3892; x_wconf 75' lang='lat' dir='ltr'>est&#39;,</span> <span class='ocrx_word' id='word_1_233' title='bbox 549 3801 678 3876; x_wconf 85' lang='lat' dir='ltr'>cultura</span> <span class='ocrx_word' id='word_1_234' title='bbox 700 3801 879 3871; x_wconf 87' lang='lat' dir='ltr'>non-aliud</span> <span class='ocrx_word' id='word_1_235' title='bbox 893 3800 959 3891; x_wconf 86' lang='lat' dir='ltr'>est,</span> <span class='ocrx_word' id='word_1_236' title='bbox 974 3821 1075 3900; x_wconf 88' lang='lat' dir='ltr'>arque</span> <span class='ocrx_word' id='word_1_237' title='bbox 1094 3804 1163 3877; x_wconf 87' lang='lat' dir='ltr'>alea</span> <span class='ocrx_word' id='word_1_238' title='bbox 1178 3805 1308 3877; x_wconf 90' lang='lat' dir='ltr'>domini</span> <span class='ocrx_word' id='word_1_239' title='bbox 1323 3805 1427 3899; x_wconf 82' lang='lat' dir='ltr'>vitae‚</span> 
     </span>
    </p>

    <p class='ocr_par' dir='ltr' id='par_1_12' title="bbox 458 3911 1425 3993">
     <span class='ocr_line' id='line_1_32' title="bbox 458 3911 1425 3993; baseline 0.006 -7"><span class='ocrx_word' id='word_1_240' title='bbox 458 3937 500 3986; x_wconf 77' lang='lat' dir='ltr'>ac</span> <span class='ocrx_word' id='word_1_241' title='bbox 514 3912 560 3985; x_wconf 90' lang='lat' dir='ltr'>rei</span> <span class='ocrx_word' id='word_1_242' title='bbox 575 3911 756 3986; x_wconf 87' lang='lat' dir='ltr'>familiaris.</span> <span class='ocrx_word' id='word_1_243' title='bbox 775 3913 849 3986; x_wconf 91' lang='lat' dir='ltr'>Nec</span> <span class='ocrx_word' id='word_1_244' title='bbox 864 3912 938 3985; x_wconf 86' lang='lat' dir='ltr'>haec</span> <span class='ocrx_word' id='word_1_245' title='bbox 958 3938 1030 3985; x_wconf 87' lang='lat' dir='ltr'>non</span> <span class='ocrx_word' id='word_1_246' title='bbox 1052 3915 1254 3987; x_wconf 84' lang='lat' dir='ltr'>diminuitur</span> <span class='ocrx_word' id='word_1_247' title='bbox 1273 3915 1425 3993; x_wconf 88' lang='lat' dir='ltr'>scientia.</span> 
     </span>
    </p>

    <p class='ocr_par' dir='ltr' id='par_1_13' title="bbox 458 4019 1426 4123">
     <span class='ocr_line' id='line_1_33' title="bbox 458 4019 1426 4123; baseline 0.009 -30"><span class='ocrx_word' id='word_1_248' title='bbox 458 4021 507 4095; x_wconf 86' lang='lat' dir='ltr'>ita</span> <span class='ocrx_word' id='word_1_249' title='bbox 523 4023 612 4098; x_wconf 87' lang='lat' dir='ltr'>enim</span> <span class='ocrx_word' id='word_1_250' title='bbox 636 4019 829 4119; x_wconf 80' lang='lat' dir='ltr'>salubritas,</span> <span class='ocrx_word' id='word_1_251' title='bbox 845 4047 923 4123; x_wconf 84' lang='lat' dir='ltr'>quae</span> <span class='ocrx_word' id='word_1_252' title='bbox 944 4025 1081 4100; x_wconf 91' lang='lat' dir='ltr'>ducitur</span> <span class='ocrx_word' id='word_1_253' title='bbox 1101 4050 1121 4098; x_wconf 89' lang='lat' dir='ltr'>e</span> <span class='ocrx_word' id='word_1_254' title='bbox 1140 4025 1236 4100; x_wconf 89' lang='lat' dir='ltr'>coelo</span> <span class='ocrx_word' id='word_1_255' title='bbox 1259 4045 1426 4123; x_wconf 87' lang='lat' dir='ltr'>aeterra,</span> 
     </span>
    </p>
   </div>
   <div class='ocr_carea' id='block_1_5' title="bbox 0 0 1760 5084">
    <p class='ocr_par' dir='ltr' id='par_1_14' title="bbox 0 0 1760 5084">
     <span class='ocr_line' id='line_1_34' title="bbox 0 0 1760 5084; baseline 0 2"><span class='ocrx_word' id='word_1_256' title='bbox 0 0 1760 5084; x_wconf 95' lang='lat' dir='ltr'> </span> 
     </span>
    </p>
   </div>
  </div>
 </body>
</html>
