3509 5084
563 514 732 592 nene
756 512 1023 588 nusrrcs
1047 514 1192 587 nint
1293 531 1359 615 ης

395 675 559 775 instituas.
583 676 625 750 ad
645 674 797 773 quedam
815 672 947 770 bipalio
969 675 1132 747 vertenda
1155 680 1267 766 terra,
1286 676 1363 773 plus

396 805 457 860 aut
478 787 601 865 minus.
618 784 693 861 alie
708 782 944 859 enimradices
960 781 1130 880 angustius
1149 781 1365 876 diffundunt,

396 915 437 969 ut
459 895 716 994 cupreffi‚·aliae
739 893 856 979 latius,
879 915 917 967 ut
941 892 1088 989 platani,-
1111 880 1217 991 usque
1239 919 1304 985 eo,
1324 913 1364 969 ut
1429 964 1432 987 ξ
1490 872 1498 889 .

395 1004 650 1102 Theophrastus
660 1003 798 1092 scribat,
811 1003 957 1078 Athenis
971 1003 1007 1074 in
1020 1007 1158 1102 Lyceo,
1170 1029 1248 1077 cum
1260 1005 1364 1078 etiam

393 1133 478 1188 tunc
499 1115 651 1212 platanus
675 1114 815 1186 novella
840 1112 942 1204 esset,
964 1113 1093 1187 radices
1111 1113 1214 1187 trium
1238 1117 1277 1188 &
1297 1115 1362 1187 tri-

392 1225 486 1322 ginta
506 1224 700 1297 cubitorum
714 1223 824 1321 egisse.
845 1223 1013 1316 Quaedam
1029 1222 1054 1297 fi
1073 1225 1180 1296 bubus
1195 1227 1233 1298 &
1247 1243 1363 1298 aratro

391 1331 618 1430 proscideris,
630 1333 669 1406 &
689 1330 876 1406 iterandum
891 1349 992 1422 ante,
1005 1330 1106 1430 quam
1119 1332 1230 1404 semen
1250 1331 1363 1425 janes.

391 1442 479 1515 Item
502 1440 703 1537 preparatio
723 1440 840 1536 siquae
858 1437 947 1511 sitin
969 1439 1092 1535 pratis,
1107 1441 1141 1512 id
1153 1441 1233 1531 test,
1246 1461 1285 1513 ut
1299 1441 1361 1512 de·

392 1548 576 1649 fendantnr
595 1576 615 1623 a
633 1549 802 1646 pastione,
825 1552 921 1649 quod
944 1550 1019 1626 fere
1035 1550 1222 1627 observant
1243 1578 1262 1625 a
1280 1546 1370 1650 piro

391 1656 540 1763 florente
554 1686 564 1732 :
580 1659 604 1737 st
620 1658 744 1757 irrigua
758 1656 858 1747 sunt,
869 1678 910 1733 ut
923 1660 1120 1758 tempestive
1134 1661 1332 1760 irrigentur.¹

441 1769 639 1842 xxxvltt.
656 1770 746 1862 Quae
764 1768 842 1843 loca
856 1769 893 1843 in
907 1796 989 1871 agro
1009 1773 1224 1846 stercoranda
1241 1772 1362 1844 viden·

390 1872 496 1968 dum,
509 1881 546 1953 δι
559 1878 641 1974 qui,
656 1882 776 1974 &quo
788 1902 911 1975 genere
925 1881 1133 1976 potissimum
1147 1881 1265 1954 facias:
1280 1903 1362 1952 nam

392 1988 585 2063 discrimina
611 1985 684 2084 ejus
712 1988 855 2087 aliquot.
886 1991 1023 2065 Stercus
1049 1991 1221 2088 optimum
1244 1989 1363 2064 scribit

382 2099 458 2179 effe
477 2101 604 2173 Cassius
621 2094 842 2195 'volucrium
859 2122 980 2200 preter
997 2101 1194 2199 palustrium
1211 2126 1251 2175 ae
1270 2126 1359 2173 nan·

379 2209 488 2285 ¹rium.
501 2212 559 2285 De
579 2211 670 2285 hisce
683 2212 836 2309 praestare
854 2213 1114 2304 columbinum,
1129 2214 1225 2313 quod
1245 2213 1284 2284 fit
1300 2237 1360 2287 ca·

358 2318 658 2414 ,lidiffimumac
670 2323 870 2397 fermentare
884 2325 986 2422 poffit
999 2342 1133 2397 terram.
1144 2324 1181 2396 Id
1194 2341 1231 2395 ut
1245 2322 1361 2395 semen
1475 2422 1477 2427 Ι

390 2432 522 2530 aspergi
536 2454 698 2531 oportere
713 2435 751 2509 in
767 2454 850 2536 agro
858 2463 958 2528 ,non
974 2439 1067 2531 utple
1081 2460 1205 2535 pecore
1219 2460 1360 2511 acerva·
1500 2435 1517 2520 ’,

390 2541 454 2615 tim
475 2540 570 2640 poni.
590 2546 664 2645 Ego
680 2546 827 2621 arbitror
844 2548 1005 2644 prestare
1013 2572 1056 2620 ex
1069 2546 1215 2621 'aviariis
1235 2546 1358 2618 turdo·
1496 2602 1499 2617 .

390 2676 467 2724 rum
485 2679 524 2726 ac
539 2656 869 2755 merularum,quod
883 2682 956 2731 non
974 2656 1083 2730 sotum
1101 2657 1144 2729 ad
1156 2680 1272 2753 agrum
1286 2655 1358 2726 uti-

388 2760 445 2851 le,
456 2763 510 2837 sed
522 2765 622 2838 etiam
636 2769 678 2840 ad
690 2769 805 2843 cib‘um
818 2770 866 2843 ita
885 2771 996 2844 bubus
1018 2794 1058 2842 ac
1070 2766 1209 2856 suibus,
1224 2790 1263 2840 ut
1275 2742 1386 2839 fiant-⁸

388 2869 555 2983 pingues,
569 2877 686 2971 Itaque
711 2878 770 2973 qui
795 2878 922 2949 aviaria
947 2877 1168 2961 conducunt,
1190 2876 1213 2944 sr
1236 2892 1358 2948 caveat

388 2980 568 3069 dominus.
580 2983 704 3056 stercus
716 3003 754 3055 ut
767 2985 803 3056 in
820 2984 929 3056 fundo
942 3001 1099 3073 maneat,
1110 2983 1254 3079 minoris
1268 3007 1357 3055 con·

317 3100 325 3113 '
388 3092 539 3179 ducunt,
552 3117 652 3190 quam
672 3093 718 3186 ii,
733 3094 858 3194 quibus
874 3094 910 3175 id
922 3095 1069 3170 accedit.
1081 3092 1213 3169 &mm
1236 3093 1357 3166 secun·

363 3213 365 3216 ’
389 3201 471 3275 dum
495 3203 732 3278 columbinum
754 3205 870 3281 scribit
888 3206 953 3281 effe
966 3204 1129 3280 hominis.
1156 3203 1280 3280 Tertio
1298 3228 1356 3279 ca·

388 3312 550 3405 prinum,
564 3318 602 3390 &
620 3317 787 3409 ovillum,
800 3323 838 3394 &
861 3320 1038 3393 asininum.
1058 3317 1203 3391 Minime
1224 3317 1360 3391 bonum
1505 3380 1518 3395 ..

389 3418 574 3514 equinum,
595 3424 650 3496 sed
667 3426 707 3497 -in
732 3428 868 3524 segetes.
887 3428 924 3500 in
945 3450 1041 3522 prata
1062 3425 1157 3499 enim
1181 3425 1242 3500 vel
1260 3426 1355 3524 opti-

388 3553 502 3615 mum,
522 3548 559 3602 ut
582 3550 766 3605 ceterarum
790 3533 1041 3624 veterinarum,
1062 3556 1140 3631 quae
1162 3533 1272 3606 ordeo
1293 3554 1355 3631 pa·
1414 3533 1417 3538 ’

388 3638 548 3726 scuntur,
561 3640 655 3735 quod
676 3642 818 3714 multam
833 3641 914 3715 facit
930 3642 1078 3717 herbam.
1099 3642 1355 3741 Stetquilinium

388 3745 573 3818 secundum
594 3742 714 3821 villam
728 3747 839 3824 'facere
860 3768 1018 3847 oportet,
1032 3768 1184 3848 utquam
1203 3748 1359 3848 pauciffi·.

388 3856 453 3928 mis
466 3857 581 3954 operis
593 3879 755 3957 egeratur.
769 3866 806 3936 ln
821 3888 865 3938 eo
876 3864 900 3935 si
912 3863 949 3935 in
962 3862 1225 3937 medio'robusia
1240 3862 1356 3962 aliqua

388 3965 528 4041 materia
545 3965 585 4040 srt
597 3966 753 4066 depasta,
767 3956 892 4068 negant
906 3966 1092 4087 serpentem
1100 3967 1212 4043 nasci.
1320 4020 1323 4027 ·
1363 4022 1366 4029 -

591 4086 594 4094 ,
1102 4081 1117 4149 1
1141 4106 1167 4168 4
