3509 5084
620 553 1070 639 PRAEFATIO.
1214 509 1332 642 rtrtrtr¹

341 720 459 826 polis?
476 720 518 794 de
537 742 582 795 eo
594 736 695 794 tanto
707 718 841 795 facilius
855 720 902 793 est
916 720 1104 817 disputare,
1115 748 1192 797 cum
1214 726 1314 798 etiarn

341 835 431 908 ibid.
449 831 472 905 s.
490 854 548 924 24,
564 833 600 902 in
614 832 717 902 Italia
734 831 862 927 plantas
880 833 1022 930 grandes
1039 831 1185 943 sicprum
1201 834 1234 908 se
1247 835 1316 906 dis·

342 944 489 1045 posuisse
510 959 769 1017 commemoret.
798 947 914 1039 ltaque
938 943 1046 1018 nolim
1068 963 1197 1019 temere
1218 962 1318 1019 erro··

342 1062 394 1134 ris
407 1057 577 1158 postulare
588 1053 779 1133 Antonium
793 1053 1029 1146 §anserinum
1044 1057 1105 1154 qui
1118 1054 1154 1129 in
1169 1059 1259 1132 libro
1273 1061 1317 1134 de

342 1173 408 1245 situ
432 1172 474 1245 δι
496 1166 634 1264 origine
659 1165 858 1260 Campania
878 1165 946 1238 To.
963 1187 1006 1249 tx
1034 1167 1116 1242 tbes.
1135 1171 1208 1245 ltal.
1230 1174 1317 1244 Bur·

341 1304 462 1354 mann.
476 1301 521 1349 ex
532 1276 599 1348 hoc
610 1271 684 1369 ipso
697 1274 780 1363 loco
792 1272 953 1365 Palladii,
968 1299 1045 1348 eum
1058 1277 1225 1374 Neapoli,
1239 1302 1318 1378 quae

340 1407 451 1485 caput
472 1384 565 1484 regni
594 1384 662 1473 est,
686 1381 846 1489 scripsisse
876 1382 1019 1482 colligit.
1044 1385 1213 1460 Indicavit
1235 1386 1319 1461 mibi

339 1500 439 1571 bunc
455 1496 568 1568 locum
583 1493 638 1565 el.
650 1489 833 1565 Fabricius.
850 1490 989 1565 Palladii
1006 1486 1138 1566 Codice
1155 1492 1226 1566 MS.
1241 1496 1319 1570 usus
1391 1527 1395 1535 ·

341 1609 394 1681 esl
406 1605 558 1679 Barthius
566 1658 580 1692 ,
597 1599 696 1697 cujus
711 1600 968 1675 observationes
985 1603 1113 1676 damus·
1125 1629 1169 1676 ex
1184 1606 1319 1679 Adver-

343 1721 460 1806 sariis3
484 1716 636 1793 diversus
653 1740 674 1790 a
691 1714 866 1805 Leidensr,
887 1716 982 1812 quod
1001 1736 1139 1814 apparet
1161 1719 1203 1790 ad
1225 1745 1257 1806 1,
1279 1744 1318 1816 9,

347 1860 384 1931 3,
400 1829 585 1928 prasertim
604 1828 650 1900 ad
675 1852 708 1915 1,
733 1852 770 1924 9,
798 1850 853 1898 12.
879 1826 1076 1900 Allervatur
1098 1827 1182 1903 alius
1204 1830 1242 1902 in
1264 1831 1319 1904 bi·

345 1939 520 2013 bliotheca
538 1936 810 2033 Rhedingeriana
825 1934 1040 2007 Vratislaviae
1060 1937 1185 2034 (quain
1199 1938 1235 2011 in
1249 1939 1319 2011 Ca·
1425 1969 1431 1983 ⁴

344 2065 432 2121 tone
451 2052 490 2123 δι
502 2043 746 2138 Varronejam
767 2043 1053 2143 nominavimus)
1070 2046 1106 2117 in
1126 2046 1248 2120 titulos
1267 2046 1320 2123 di·

344 2159 625 2253 visus,quorum
642 2172 839 2253 argumenta
852 2155 876 2228 s.
890 2155 1034 2228 rubrica
1047 2157 1252 2253 interpositae
1263 2146 1320 2254 ip·

347 2267 395 2338 fis
414 2264 522 2357 titulis
543 2263 639 2337 sunt:
659 2288 784 2337 nomen
811 2262 971 2335 scribitur
992 2269 1164 2341 Rutilii&
1180 2271 1320 2338 Emilia·

352 2381 405 2448 ni.
424 2373 478 2445 Ad
496 2375 563 2448 Ms.
583 2374 675 2472 quod
695 2373 731 2446 in
755 2372 966 2447 bibliotheca
988 2373 1130 2447 Salvinii
1150 2371 1321 2467 servetur,

348 2503 524 2583 provocat
540 2483 576 2556 in
605 2482 805 2578 praefatione
838 2483 880 2554 ad
902 2485 1206 2585 FacciolatumCl.
1227 2488 1321 2560 Pon·

346 2597 473 2669 tedere.
498 2597 621 2688 Quem,
646 2593 761 2670 laudat
786 2594 908 2666 Felleri
930 2595 1113 2693 Catalogus
1136 2597 1320 2672 Palladium

349 2706 569 2780 bibliotheca
581 2703 731 2776 Paulinae
751 2704 945 2801 Lipsiensis,
959 2730 1038 2778 eum
1055 2706 1109 2780 el.
1125 2709 1320 2806 Scboettge·

348 2817 427 2890 nius
447 2813 615 2910 comperit
633 2813 807 2909 epitomen
826 2815 892 2887 esse
913 2816 1089 2902 barbaram
1110 2817 1178 2891 hoc
1199 2817 1320 2890 titulo:

352 2932 500 3000 Palladii
523 2930 601 2998 liber
626 2911 860 3021 brevidtus‘per
883 2927 1066 3019 Gorfridum
1091 2928 1241 2999 erassatur
1255 2931 1322 3021 pri·

351 3064 425 3108 mus
444 3038 741 3131 &plantationibus
764 3041 934 3122 arborum,
961 3037 1018 3115 tel.
1044 3035 1109 3108 Sed
1122 3035 1322 3108 Voffianum
1410 3065 1421 3082 ·

353 3142 492 3215 Palladii
525 3142 715 3233 corbem,
743 3142 802 3239 qui
832 3142 868 3214 in
896 3142 1104 3215 bibliotheca
1132 3141 1323 3240 Adcademiae
1412 3174 1414 3179 ·

353 3251 578 3350 Lugdunensis
593 3249 789 3344 allbrvatur,
806 3271 961 3326 aeeutate
980 3251 1131 3325 conferri
1147 3251 1249 3346 juffir,
1263 3252 1323 3349 qui

354 3361 507 3432 Varroni
520 3362 618 3436 etiam
634 3360 800 3458 suppetias
815 3362 914 3451 tulit,
943 3364 999 3435 vir
1018 3362 1167 3435 summus
1183 3366 1246 3436 Jac.
1259 3367 1323 3437 Pe·

353 3469 680 3570 rizonius‚eamque
692 3471 915 3545 collationem
929 3473 984 3544 Cl.
1005 3471 1243 3568 Schoettgenio
1256 3470 1323 3545 mi·

353 3581 415 3670 sit,
436 3606 456 3654 a
475 3605 549 3678 quo
567 3581 624 3655 illa
644 3603 760 3677 porro
781 3579 901 3652 dextre
921 3579 1088 3672 adhibita,
1106 3606 1126 3654 a
1143 3580 1244 3656 nobis
1264 3605 1324 3652 ve·

353 3716 398 3764 ro
412 3708 487 3764 tota
511 3690 548 3764 in
563 3691 758 3765 varietatem
777 3687 932 3764 ledionis
950 3690 1053 3763 relata
1070 3691 1127 3765 eil.
1149 3692 1238 3763 ldem
1260 3687 1324 3761 esse

353 3797 489 3873 videtur
512 3788 579 3874 hic'
593 3798 701 3888 liber,
722 3823 798 3896 quo
821 3798 900 3870 usus
920 3799 967 3870 est
988 3800 1041 3873 lo.
1064 3800 1152 3874 Ftid.
1179 3801 1323 3870 Grono-

354 3907 452 3997 vius,
470 3933 515 3985 εκ
538 3908 636 4005 cujus
652 3908 953 3982 'obseruationibus
973 3910 1046 3985 lraec
1067 3906 1218 4007 pluscula
1237 3906 1324 3982 rela-

354 4039 387 4094 ta
408 4020 498 4098 sunt.
513 4019 595 4094 Vid.
617 4044 653 4097 v.
667 4043 701 4116 g.
719 4021 762 4093 ad
785 4022 892 4113 r‚6‚
915 4046 945 4114 ς.
964 4020 1059 4116 Quid
1076 4019 1100 4092 si
1127 4016 1216 4091 idem
1236 4043 1324 4116 quo·
