3509 5084
625 602 1070 678 u’RAEFATJO.
1241 626 1305 679 xm

354 751 420 848 etl,
432 783 490 832 eos
504 775 579 833 ante
597 758 655 837 diu
671 763 863 837 contulerat
876 789 954 839 cum
971 763 1169 840 Jensoniana
1185 766 1308 840 editio·

355 884 399 943 ne'
416 879 592 946 Auernus
611 875 1001 974 Pourrmuus,(cujus
1013 880 1055 950 de
1066 879 1162 952 laude
1179 880 1239 976 qui
1260 882 1309 952 le-

355 1006 429 1075 gere
445 985 541 1070 vult,
559 985 654 1056 adeat
671 985 796 1055 Barthii
812 985 942 1059 advers.
959 1012 1018 1082 47,
1036 987 1093 1088 5.)
1112 990 1149 1061 br
1163 989 1309 1063 varieta-

354 1109 418 1162 tem
440 1116 578 1166 omnem
596 1092 800 1190 marginibus
821 1093 910 1166 illius
930 1098 1152 1173 commiserat.
1171 1100 1310 1174 Politia·

352 1202 389 1271 ni
406 1201 464 1272 ille
488 1202 574 1274 liber
595 1202 629 1274 in
651 1204 766 1300 Magni
788 1206 898 1277 Ducis
917 1207 1083 1279 Hetruriae
1104 1209 1311 1283 bibliotheca
1381 1212 1386 1219 ’

351 1311 525 1401 servatur,
538 1315 626 1386 unde
640 1312 807 1389 beneficio
830 1322 982 1392 Aurou.
999 1320 1315 1406 Meotrsascrnr,

353 1444 455 1513 quem
471 1420 572 1494 literis
585 1424 710 1495 adierat
723 1426 988 1522 Schoettgenius,
1003 1427 1134 1499 liberali
1150 1444 1259 1499 autem
1274 1430 1314 1501 δι

354 1531 486 1603 erudita
509 1557 611 1628 opera
635 1536 753 1607 Hune.
774 1539 1044 1610 Breuxmmm
1064 1536 1237 1633 descriptae
1255 1562 1314 1610 ac·

315 1660 319 1671 ·
356 1642 554 1715 curatiffime
570 1644 730 1718 Politiani
746 1646 1000 1722 observationes
1016 1645 1091 1743 poll
1107 1647 1246 1746 longum
1263 1671 1314 1719 er·

354 1772 467 1822 rorem
487 1753 620 1825 tandem
644 1779 829 1850 pervenere
847 1757 888 1828 ad
909 1756 1079 1829 Thomarn
1097 1755 1316 1842 Fritschium,

333 1858 395 1930 .&
417 1886 507 1933 nunc
530 1887 607 1934 cum
631 1861 696 1936 fide
716 1863 752 1936 in
775 1866 863 1939 hanc
884 1865 1068 1940 editionem
1093 1865 1204 1938 relatae
1228 1865 1314 1937 sunt.

355 1966 476 2040 lisdem
497 1969 674 2043 codicibus
696 1971 849 2046 usum&
868 1974 1081 2062 Victorium,
1097 1971 1316 2046 manifestissi-

355 2100 411 2149 me
425 2078 600 2173 apparebit
617 2078 870 2174 inspicientibus
885 2106 921 2154 v.
937 2107 970 2177 g.
990 2083 1090 2154 Cato.
1107 2105 1137 2155 c.
1155 2084 1212 2170 84.
1235 2106 1316 2165 ιη,

361 2211 393 2278 3.
414 2189 517 2261 Varr,
530 2211 563 2278 3,
588 2210 645 2279 17,
666 2213 700 2276 4.
719 2187 941 2283 Quin‚quod
952 2191 994 2259 ad
1005 2192 1079 2260 Cat.
1098 2215 1136 2278 1,
1158 2213 1190 2278 4
1204 2195 1318 2281 expin-

344 2294 388 2392 st
398 2299 448 2363 lar
466 2292 531 2388 legi
550 2291 664 2365 scribit
682 2293 856 2366 Vidorius
875 2294 910 2366 in
930 2297 1064 2392 optimo
1090 2298 1228 2382 codice,
1253 2308 1319 2391 pro

359 2427 431 2496 quo
449 2400 588 2496 ipsefar
604 2401 810 2495 conjecerit,
826 2404 908 2476 illud
925 2403 960 2476 in
981 2402 1141 2475 Politiani
1159 2403 1320 2475 collatio-

360 2536 403 2584 ne
418 2515 539 2586 eodem
554 2515 661 2586 modo
678 2515 711 2587 se
726 2516 842 2588 habet:
857 2515 1016 2588 nimirum
1028 2527 1071 2606 τῷ
1084 2520 1135 2586 lar
1145 2511 1321 2611 superscri-

361 2638 452 2718 ptam
469 2625 531 2714 far
545 2624 603 2696 esi.
619 2624 849 2718 Suspiciosum
867 2625 902 2697 id
917 2624 1019 2702 alicui
1040 2623 1148 2699 videri
1166 2641 1319 2720 poterat:

362 2759 440 2805 cum
465 2734 597 2807 constet
620 2734 792 2830 inprimis,
817 2734 996 2808 Florentia
1020 2733 1119 2806 etiam
1143 2755 1234 2805 nunc
1256 2729 1321 2803 esse

362 2844 486 2916 librum
501 2843 680 2928 Politiani3
695 2845 789 2916 usum
805 2863 916 2916 autem
933 2842 997 2915 esse
1014 2839 1205 2914 victorium
1220 2839 1321 2910 etiam

365 2955 435 3028 aliis
451 2955 522 3050 ejus
535 2957 601 3027 viri
622 2956 656 3025 in
670 2957 738 3030 hoc
750 2976 870 3051 genere
883 2951 1074 3036 laboribus,
1086 2945 1269 3028 Terentio,
1283 2963 1323 3016 ut

364 3068 431 3140 hoc
451 3069 603 3158 utar,ad
620 3065 694 3139 Cic.
709 3071 796 3138 Fam.
815 3092 850 3162 7,
865 3091 921 3161 23.
943 3058 1089 3134 &libris
1105 3055 1189 3156 juris
1210 3054 1323 3155 (Pan-

364 3180 481 3250 deblen
506 3177 761 3263 Florentinum,
776 3177 901 3265 credo,
923 3167 1100 3268 intelligit)
1123 3168 1157 3238 in
1181 3190 1325 3263 petora-

364 3290 461 3360 tione
482 3312 640 3379 notarum
661 3288 702 3360 ad
725 3288 862 3376 Colum.
886 3285 941 3357 seu
963 3283 1003 3354 de
1021 3280 1100 3351 Arb.
1120 3280 1177 3368 28,
1194 3303 1229 3368 4.
1253 3280 1324 3346 Ve·
1412 3307 1418 3317 ·

364 3423 442 3469 rum
458 3397 634 3470 enimvero
655 3396 828 3492 indignum
847 3393 913 3481 est,
932 3393 973 3464 de
993 3387 1224 3463 candidiffimo
1244 3383 1323 3454 viro

366 3509 434 3580 tale
454 3504 538 3602 quid
563 3503 738 3596 suspicari,
763 3502 822 3596 qui
848 3497 1110 3571 saterilibenter
1135 3493 1238 3578 solet,
1264 3511 1324 3582 per

367 3639 457 3714 quos
477 3608 668 3710 profecerit.
680 3607 823 3682 Deinde
841 3607 865 3678 sr
885 3605 1047 3678 habuisset
1062 3601 1234 3677 victorius
1254 3597 1323 3666 Po·

369 3725 479 3798 litiani
506 3721 745 3810 collationem,
769 3717 933 3792 habuisset
961 3716 1060 3790 etiam
1079 3707 1322 3788 „Jensonianam

369 3837 566 3908 editionem.
584 3837 654 3906 Jam
674 3856 759 3905 vero
778 3829 930 3928 pluribus
947 3853 989 3900 ex
1003 3825 1089 3899 locis
1109 3816 1209 3893 nobis
1230 3816 1322 3888 vide·

370 3926 501 4016 bamur·
514 3941 693 4038 colligere,
711 3962 820 4037 neque
843 3939 950 4025 hanc,
971 3953 1079 4027 neque
1099 3926 1199 3997 aliam'
1220 3925 1321 4000 seculi

372 4073 448 4145 κν,
462 4053 502 4125 ad
515 4075 632 4126 manus
648 4050 776 4147 semper
793 4047 927 4146 optimo
946 4040 1016 4114 seni
1030 4035 1132 4141 fuisse.
1149 4033 1321 4135 lnspiciat,
