3509 5084
447 549 517 646 236
593 542 944 620 ureneuru
968 538 1267 613 vannours

446 710 543 810 rum]
569 710 704 782 alteram
734 709 803 781 sine
822 708 904 779 dote
924 705 999 778 dedi
1022 704 1189 790 Lucullo,
1212 699 1230 776 a
1255 724 1332 800 quo
1358 701 1420 775 he-

446 822 587 894 reditate
603 846 655 893 me
676 820 760 921 cella
779 819 944 914 primum,
962 819 999 889 &
1018 817 1142 911 primus
1162 812 1421 919 mulsumudomi

446 956 532 1004 meae
552 931 668 1002 bibere
695 931 787 1026 coepi
808 927 898 1025 ipse,
922 930 1148 1000 cum-interea
1170 926 1282 997 nihilo
1303 922 1420 997 minus

444 1064 542 1136 paene
568 1037 721 1135 quotidie
747 1038 789 1116 in,
808 1037 982 1127 ,convivio
1000 1035 1158 1107 omnibus
1184 1034 1301 1106 darem
1325 1032 1421 1104 mul·

445 1149 528 1222 sum.
550 1142 712 1219 Praeterea
731 1134 840 1219 meu‘m
862 1166 958 1234 erat,
979 1169 1051 1216 non
1071 1165 1188 1232 tuum,
1203 1164 1257 1214 eas
1281 1141 1420 1214 novisse

444 1259 632 1341 volucreS,
659 1257 782 1355 quibus
812 1256 994 1354 plurimum
1019 1275 1135 1326 natura
1158 1248 1286 1349 ingenii
1312 1269 1421 1349 atque

443 1371 523 1441 artis
538 1370 677 1441 tribuit:
700 1372 813 1466 itaque
829 1393 883 1440 eas
902 1367 1020 1438 melius
1035 1392 1087 1438 me
1102 1365 1216 1450 nolle,
1234 1388 1338 1459 quam
1360 1380 1420 1452 te,'

443 1478 607 1561 inscias,
628 1479 669 1548 de
692 1475 883 1553 incredibili
905 1500 1020 1546 earum
1043 1474 1156 1549 avium
1182 1491 1304 1544 natura
1322 1472 1416 1545 audi.

412 1676 421 1695 ἢ
443 1588 633 1670 MERULA,
649 1605 685 1656 ut
702 1607 810 1658 cetera
830 1584 929 1665 fecit,
949 1595 1118 1679 ἱστορικῶς,
1141 1608 1217 1679 quae
1238 1581 1335 1677 sequi
1349 1606 1420 1653 me·

443 1694 572 1792 litturgi
590 1699 734 1783 soleant,
752 1696 1004 1768 demonstrabit.
1020 1696 1167 1766 Primum
1181 1717 1260 1787 apes
1275 1691 1422 1765 nascun-

443 1823 498 1878 tur
522 1807 641 1902 partim
665 1832 707 1877 ex
730 1807 869 1902 apibus,
893 1805 1013 1900 partim
1038 1831 1080 1875 ex
1104 1804 1236 1876 bubulo
1266 1827 1421 1899 corpore

442 1914 643 2012 putrefale.
667 1917 783 2009 ltaque
807 1915 992 1986 Archelaus
1014 1913 1049 1984 in
1073 1914 1319 2009 epigrammate
1347 1912 1425 2002 ait,

442 2047 499 2095 eas
523 2025 586 2094 elle
618 2071 652 2082 -
681 2037 745 2105 {lobs
771 2035 906 2112 abtultus
934 2034 1126 2111 πεποτημέναι
1152 2030 1256 2094 τέκνα.
1290 2023 1422 2097 idem:

437 2138 549 2206 “innui
560 2142 613 2222 μὲν
631 2138 734 2217 σφῆκες
752 2141 994 2224 γενεᾰ,μόσχων
1015 2139 1049 2202 ll
1066 2141 1219 2220 μέλισσαι.
1247 2133 1313 2204 Hae
1342 2159 1419 2229 apes

443 2266 516 2314 non
540 2241 615 2312 sunt
638 2237 782 2309 l'olraria
809 2259 947 2326 natura,
975 2257 1012 2309 ut
1032 2237 1175 2332 aquilae,
1197 2239 1252 2311 sed
1285 2263 1325 2315 ut
1354 2245 1418 2319 ho·

443 2353 562 2424 mines.
583 2350 690 2442 Quod
717 2347 824 2419 sihoc
841 2347 970 2443 faciunt
993 2348 1092 2421 etiam
1117 2353 1268 2445 graculi,
1287 2377 1325 2428 at
1347 2382 1418 2429 non

444 2461 534 2535 idem
557 2489 567 2535 ε
590 2460 685 2553 quod
713 2458 769 2529 hic
793 2457 936 2532 societas
962 2460 1135 2553 operis&
1164 2460 1418 2561 aedificiorum,

443 2573 538 2669 quod
552 2570 622 2641 illic
645 2594 716 2638 non
740 2567 797 2646 est.
814 2570 879 2642 Hic
895 2569 983 2640 ratio
999 2588 1099 2666 atque
1111 2595 1185 2660 ars,
1200 2574 1244 2644 a'b
1260 2575 1314 2648 his
1330 2603 1416 2676 opus

442 2679 558 2752 facere
570 2677 718 2765 discunt,
733 2677 774 2746 ab
789 2675 839 2748 his
860 2675 1047 2762 aedificare,
1062 2680 1104 2748 ab
1123 2678 1175 2749 his
1189 2680 1320 2770 cibaria
1335 2710 1417 2758 con·

444 2792 533 2864 dere.
550 2789 632 2864 Tria
651 2786 741 2858 enim
767 2787 912 2877 harum,
936 2787 1051 2876 cibus,
1067 2791 1211 2881 domus,
1226 2818 1320 2891 opus
1333 2825 1344 2871 ε
1356 2821 1416 2870 ne·
1456 2850 1467 2866 f

445 2927 513 3000 que
533 2900 621 2973 idem
638 2900 732 2997 quod
747 2898 840 2970 cibus
867 2924 968 2989 cera,
986 2924 1049 2970 nec
1063 2903 1157 2997 quod
1171 2927 1209 2973 ea
1233 2909 1328 2997 mel,
1355 2934 1416 2982 nec

444 3014 541 3114 quod
564 3013 630 3085 mel
646 3013 791 3083 domus:
813 3035 884 3081 non
909 3010 943 3081 in
969 3009 1054 3082 favo
1071 3010 1127 3082 sex
1145 3014 1278 3111 angulis
1307 3019 1415 3107 cella;

445 3121 711 3212 totidem‚quot
732 3119 833 3189 habet
854 3116 921 3212 ipsa
945 3117 1065 3212 pedes?
1086 3119 1206 3216 (quod
1228 3122 1418 3218 geometrae

347 3218 355 3239 '
410 3236 413 3243 “
445 3237 588 3322 ἑξάγωνον
607 3223 679 3295 fieri
696 3221 731 3293 in
755 3225 838 3295 orbe
859 3225 1010 3297 rotundo
1028 3224 1233 3318 ostendunt,
1250 3246 1290 3301 ut
1309 3233 1417 3329 pluri-j

446 3360 541 3408 mum
565 3335 634 3406 loci
654 3331 881 3430 includatur.)
897 3333 991 3406 Foris
1005 3333 1205 3430 pascuntur,
1221 3337 1318 3413 intus
1327 3367 1417 3438 opus

447 3442 578 3518 faciunt
589 3471 597 3516 :
610 3443 717 3539 quod,
733 3441 954 3514 dulcissimum
968 3446 1063 3540 quod
1076 3446 1135 3539 est,
1151 3448 1188 3520 δι
1203 3447 1284 3523 Diis
1298 3452 1338 3524 δι
1351 3452 1417 3524 ho.

446 3553 596 3626 minibus
611 3552 657 3624 est
672 3572 845 3647 acceptum
861 3579 870 3625 ε
885 3555 979 3649 quod
993 3553 1090 3627 favus
1104 3557 1200 3628 venit
1222 3557 1258 3628 in
1279 3559 1415 3650 altaria,

446 3662 485 3734 ὅ(
499 3662 562 3732 mel
578 3661 618 3732 ad
638 3659 802 3756 principia
820 3662 980 3734 convivii
993 3681 1005 3750 ,'
1017 3665 1054 3738 &
1070 3664 1106 3735 in
1123 3663 1306 3738 secundam
1320 3694 1416 3741 men·

376 3781 380 3786 '
446 3771 513 3844 sam
529 3771 783 3844 administraturi
799 3774 858 3843 Hae
873 3793 911 3845 ut
933 3775 1110 3846 hominum
1125 3774 1306 3866 civitates,
1322 3778 1419 3875 quod

446 3881 502 3953 hic
525 3880 571 3951 est
594 3882 630 3955 &
650 3875 726 3965 reti,
740 3882 778 3952 δι
797 3879 998 3975 imperium,
1013 3884 1050 3955 &
1071 3881 1233 3970 societaS,
1255 3887 1358 3979 quod
1372 3886 1418 3959 se·

448 4009 600 4088 quuntur·
620 3991 737 4065 omnia
750 4016 844 4089 pura.
865 3990 981 4090 iraque
1003 3993 1096 4067 nulla
1112 3992 1230 4066 harum
1247 3993 1360 4071 affidit
1383 3997 1419 4072 in
