3509 5084
469 617 593 670 vam
654 597 730 664 =M.
755 592 958 664 PORCI!
982 593 1235 663 CATONIS

466 760 532 829 mia
546 775 664 844 opertus
680 749 885 843 perniciosam
900 755 992 843 legem
1009 777 1125 844 magna
1142 755 1174 821 vi
1182 759 1423 850 promulgabat‚'

417 898 433 912 ι
467 864 572 934 Haud
581 862 678 954 scio,
698 862 820 952 inquit,
835 861 1031 951 adolescens,
1054 884 1156 930 utrum
1164 861 1255 951 pejus
1260 863 1328 958 fir,
1339 867 1423 956 quod

464 970 593 1061 misces,
605 993 732 1061 potare,
747 996 792 1038 an
807 968 955 1059 sancire,
977 973 1062 1061 quod
1073 976 1263 1063 promulgas.
1281 975 1423 1066 Proseis·

457 1081 519 1173 sus
540 1079 679 1149 conuicio
694 1081 741 1171 ab*
757 1079 880 1148 lzomine
894 1077 1035 1169 obscoena
1046 1074 1079 1148 θ
1090 1082 1233 1170 improba
1244 1077 1336 1164 rita,
1351 1085 1425 1150 Ini·'

464 1218 549 1285 qua,
567 1191 683 1281 inquit,
697 1212 794 1257 tecum
812 1188 890 1256 milri
906 1211 1016 1279 pugna
1038 1187 1086 1284 ιβ.
1109 1191 1195 1257 Nam
1216 1181 1249 1256 ὃ·
1267 1192 1346 1256 reale
1359 1217 1423 1259 aa·

467 1303 520 1370 dis
533 1297 653 1388 fhcile,
669 1294 702 1367 δ’
721 1298 799 1367 dicis
808 1319 956 1388 promte:
977 1298 1056 1365 mibi
1070 1319 1136 1368 tum
1158 1300 1253 1366 dicere
1266 1299 1422 1400 molestum

466 1411 529 1508 ιβ,
543 1433 607 1478 tam
623 1409 773 1475 audiendi
779 1406 855 1496 sum
875 1405 1024 1498 insolens.
1046 1409 1100 1474 Ae
1112 1431 1180 1473 mos
1196 1405 1263 1491 ejus
1277 1407 1312 1475 in
1331 1404 1422 1476 lifte-

467 1523 524 1589 riis
546 1515 731 1603 ejuscemodi
753 1536 827 1582 erat.
933 1532 937 1538 “
1101 1549 1108 1562 ·

514 1627 632 1716 Consul
645 1651 714 1692 cum
731 1627 858 1693 Valerio
874 1626 989 1694 'Flacco
1000 1620 1193 1717 ‚amieosuo
1205 1621 1237 1694 6ae
1245 1625 1423 1714 familiari,

455 1736 585 1829 siac‘lus,
595 1733 795 1827 provinciam
816 1733 1017 1831 essentitas,
1032 1763 1124 1829 quarn
1138 1735 1335 1827 Hispaniam
1351 1739 1425 1805 cite·
1489 1800 1491 1805 ⁴

466 1853 572 1924 riortm
592 1846 732 1914 Romani
748 1867 875 1913 uocant.
900 1847 967 1913 Ubi
985 1872 1052 1914 eum
1071 1843 1171 1938 gcr'rces
1189 1845 1305 1935 partim
1329 1848 1424 1915 armis

467 1957 503 2045 irq
524 1952 672 2020 ditiorum
691 1948 832 2040 redigeret
843 1997 854 2033 ,
865 1951 983 2038 partim
1005 1947 1211 2019 benevolentia
1230 1950 1424 2039 conciliaret,

467 2066 647 2154 ingruerunt
668 2082 784 2150 magna
804 2082 903 2125 manu
919 2059 1064 2144 barbari,
1083 2080 1226 2149 eratque,
1244 2085 1282 2127 ne
1296 2063 1424 2151 turpiter

466 2173 705 2264 opprimeretur,
719 2169 916 2257 periculum:
935 2195 1027 2259 quare
1047 2196 1068 2237 a
1090 2171 1263 2254 Celtiberis,
1279 2171 1333 2260 qui
1347 2196 1424 2260 pro·

416 2332 420 2349 .
460 2281 577 2375 pinqui
597 2298 702 2360 erant,
716 2274 853 2366 adscivit
871 2279 1008 2347 auxilia.
1028 2278 1151 2369 Quibus
1169 2281 1289 2348 auxilii
1299 2277 1425 2364 finandi

468 2391 598 2456 ducenta
615 2389 729 2453 talenta
739 2386 899 2468 mercedem
907 2386 1154 2483 postulantibus,
1167 2376 1235 2454 cum
1248 2389 1307 2455 alii
1319 2411 1424 2455 omnes

456 2495 583 2586 sadum
607 2495 738 2576 dicerent
754 2487 831 2589 effe,
850 2519 926 2562 -cum
947 2495 1086 2561 barbaris
1104 2497 1269 2562 Romanos
1291 2496 1327 2562 de
1354 2497 1437 2585 opis'

458 2607 595 2698 serenda
608 2604 727 2697 pacisci
745 2607 892 2690 mercede,
905 2607 1031 2697 negauit
1049 2605 1216 2699 quidquam
1235 2606 1425 2672 incommodi

360 2718 375 2784 ’,
393 2708 398 2715 ’
464 2714 522 2812 effe
537 2719 612 2784 Cato
618 2739 631 2782 .·
645 2717 755 2806 quippe
756 2713 794 2809 β
806 2711 957 2810 vietfflnt,
966 2715 1126 2804 soluturos
1138 2719 1179 2784 ab
1193 2715 1326 2816 hostibus
1332 2769 1345 2804 ,
1358 2743 1423 2784 non

371 2901 382 2923 ,
467 2828 508 2895 ab
513 2825 550 2916 se
555 2852 570 2907 ,·
571 2824 629 2922 fin
650 2820 739 2918 esent
753 2821 827 2891 vic'tr'
836 2875 846 2909 ‚
859 2851 925 2893 non
939 2821 1033 2912 sore,
1052 2846 1142 2893 neca
1160 2827 1270 2917 quibus
1290 2829 1422 2919 exigere·

465 2957 537 3021 tur,
552 2959 605 3003 nec
618 2936 670 3024 qui
688 2936 925 3025 exigerentAEa
938 2959 1048 3026 pugna
1057 2932 1151 3022 fudit
1162 2934 1348 3028 fiegauitquc
1364 2938 1432 3003 bo-·
1516 2942 1518 2944 ’

458 3045 544 3145 slas:
555 3047 671 3134 reliqua
684 3069 799 3134 quoque
812 3040 1185 3138 magnificumsucceffiem
1202 3046 1336 3113 habuere.
1354 3046 1424 3134 Op·

446 3183 450 3191 ·
461 3156 609 3245 pidorum
625 3155 671 3222 eis
682 3153 796 3221 Baetim
806 3152 948 3247 fluvium
967 3155 1120 3246 Polybius
1134 3153 1238 3224 auc‘bor
1249 3153 1289 3253 ιβ
1301 3180 1363 3224 uno
1377 3157 1426 3224 die

467 3251 593 3330 mania
610 3264 739 3330 Catonis
759 3264 886 3352 imperio
905 3265 1009 3331 diruta
1021 3259 1133 3356 sitisse.
1150 3266 1257 3332 Malta
1270 3264 1327 3330 illa
1340 3288 1428 3333 erant

370 3379 377 3393 ‘
468 3364 504 3438 ἂ
521 3370 599 3436 uiris
610 3366 757 3464 bellicofis
777 3371 982 3458 abundantia.
995 3369 1064 3460 Ipse
1071 3375 1175 3460 plures
1188 3373 1274 3438 urbes
1287 3372 1334 3437 ait
1350 3372 1426 3439 Cato
1498 3438 1501 3446 ,

462 3476 500 3570 sc
520 3471 641 3567 cepiffe‚
655 3502 749 3567 quam
768 3473 866 3572 egrffit
876 3479 911 3566 in
927 3477 1087 3569 Hispania
1103 3481 1179 3546 dies.
1200 3478 1305 3568 Neque
1316 3476 1425 3573 eslbac

386 3623 389 3630 ·
463 3582 625 3670 jae‘lantia
636 3582 814 3675 ‚stquidem'
825 3588 1046 3676 quadrigentas
1058 3581 1153 3679 saise
1170 3580 1271 3656 uerum
1288 3583 1334 3682 ιβ
1353 3583 1425 3651 Μὶ·

470 3692 595 3767 litibus,
607 3710 716 3780 prater
736 3695 949 3780 compendium
971 3717 1012 3759 ex
1033 3695 1300 3784 bettamagnum
1316 3694 1426 3760 libram

457 3801 590 3892 argenti
611 3801 646 3867 in
657 3794 804 3893 fingulos
825 3786 956 3892 diuistt:
977 3800 1118 3884 addens,
1129 3800 1236 3890 setrius
1255 3784 1327 3894 ese,
1341 3804 1427 3868 mul·

472 3928 521 3976 tos
538 3911 701 3978 Romanos
725 3931 793 3973 eum
813 3926 957 3997 argento,
978 3931 1071 3995 quam
1098 3932 1165 3975 cum
1189 3911 1267 3990 litero
1282 3932 1427 3997 paucos,

473 4015 600 4084 domum
621 4017 743 4113 regredi.
759 4017 820 4084 Ad
828 4015 868 4106 sc
885 4040 972 4104 uero,
982 4037 1091 4107 prater
1109 4003 1262 4109 esculenta
1282 4012 1314 4085 {r
1328 4043 1426 4111 posu-2
