3509 5084
261 596 272 628 ,2
364 531 368 537 ’
414 554 485 633 162
558 546 1238 686 m.raauur11vaauotus

411 736 525 794 cretos
541 716 705 791 habeant:
720 717 813 816 quod
830 714 901 790 fere
919 713 956 789 in
970 702 1130 790 omitum
1146 716 1236 791 binis
1259 719 1391 794 mentis·

411 831 477 905 bus
498 843 576 898 ante
601 825 731 900 faciunt
753 826 792 899 &
819 823 1034 914 armentarii,
1049 827 1087 899 &
1107 825 1291 921 opiliones.
1322 831 1392 903 At-

279 996 282 1001 .
408 960 480 1015 teta
495 963 571 1035 pars
587 937 633 1010 est
653 938 689 1010 in
705 936 831 1010 soetura
844 990 855 1027 ‚
868 961 944 1034 quae
957 935 1022 1009 sint
1036 936 1267 1029 observanda,
1287 944 1390 1041 quod

407 1050 475 1124 alia
503 1047 572 1121 alio
599 1056 755 1142 tempure
783 1067 902 1142 parere
931 1042 1028 1121 solet.
1058 1068 1144 1140 equa
1173 1045 1265 1118 enim
1294 1073 1389 1123 ven·

408 1182 495 1238 trem
523 1157 587 1231 fert
607 1177 666 1229 x11
692 1156 844 1245 menses,
868 1180 973 1229 vacca
1000 1154 1142 1247 decem,
1162 1157 1242 1231 ovis
1261 1160 1301 1233 δι
1329 1180 1389 1235 ca··

407 1297 468 1372 pra
488 1268 638 1366 quinos,
660 1265 712 1340 sus
730 1284 887 1363 quatuor.
900 1267 938 1336 ln
952 1251 1079 1338 ¹foetura
1099 1289 1150 1338 res
1171 1265 1386 1344 incredibilis

402 1383 453 1460 est
467 1382 502 1455 in
517 1376 698 1476 Hispania,
714 1376 835 1451 sed.est
858 1401 963 1465 vera,
984 1377 1081 1474 quod
1096 1377 1131 1449 in
1150 1377 1322 1454 Lusitania
1340 1385 1385 1456 acl

405 1517 575 1569 oceanum
595 1489 631 1562 in
653 1514 691 1561 ea
713 1485 877 1585 legione,
901 1484 961 1558 ubi
982 1485 1030 1557 est
1051 1485 1217 1582 oppidum
1234 1490 1384 1590 Olylip-

405 1625 472 1699 po,
487 1612 606 1668 monte
618 1597 750 1691 Tagro,
764 1592 919 1689 quaedam
934 1613 953 1662 e
968 1595 1078 1664 vento
1093 1593 1296 1690 concipiunt
1309 1612 1383 1670 cer·¹

403 1724 444 1780 to
464 1721 619 1800 tempore
638 1726 758 1798 equae,
782 1719 819 1772 ut
838 1699 896 1774 hic
918 1698 1052 1798 gallina)
1075 1727 1216 1800 quoque
1239 1705 1381 1797 solent,

403 1838 548 1916 quarum
570 1837 641 1884 ova
662 1806 811 1902 irritum
840 1813 1023 1908 appellant.
1052 1813 1117 1891 Sed
1135 1838 1177 1886 ex
1201 1813 1254 1888 his
1278 1819 1381 1915 equis

401 1923 463 2024 qui
482 1922 552 1995 nati
577 1917 688 2018 pulli,
714 1942 785 1990 non
812 1918 887 2015 plus
911 1919 1096 1992 triennium
1119 1921 1256 2000 vivunt.
1284 1927 1377 2019 Quae

402 2052 479 2112 nata
499 2033 574 2107 suut
594 2047 749 2119 matura,
771 2028 810 2102 &
832 2028 980 2121 chorda,
994 2047 1033 2103 ut
1053 2053 1135 2127 pute
1161 2021 1200 2105 δι
1224 2034 1379 2108 molliter

277 2169 280 2173 ·
400 2144 513 2230 stent,
534 2137 720 2217 videndum
732 2189 744 2225 ,
758 2138 798 2212 &
820 2163 862 2211 ne
879 2138 1088 2213 obterantur.
1107 2138 1283 2215 Dicuntur
1297 2147 1375 2244 agni

399 2249 543 2341 chordi‚
558 2247 617 2347 qui
631 2246 707 2345 post
722 2264 854 2342 tempus
863 2245 1068 2340 ¹nascuntur,
1082 2273 1122 2321 ac
1143 2253 1376 2332 remanserunt

398 2362 435 2435 in
455 2358 572 2432 volvis
594 2354 734 2429 intimis.
754 2373 884 2428 vocant
900 2367 1022 2453 χορίον,
1042 2376 1149 2454 aquo
1169 2360 1292 2436 chordi
1314 2392 1374 2464 ap-

396 2469 525 2571 pellati.
546 2466 664 2557 Tertia
686 2490 739 2538 res
756 2465 824 2553 est,
839 2468 880 2538 de
900 2467 1069 2542 nutricatu
1089 2468 1173 2567 quid
1193 2473 1373 2553 observari

396 2595 581 2676 oporteat,
597 2576 632 2647 in
652 2598 746 2672 quo,
762 2593 849 2670 quet
861 2575 982 2681 ¹diebus
1003 2578 1118 2653 matris
1131 2578 1251 2679 sugant
1263 2610 1375 2661 mam·

396 2714 506 2773 mam,
523 2689 561 2785 ὃς
579 2686 613 2758 id
630 2711 701 2782 quo
717 2703 897 2780 tempore,
911 2679 1023 2762 &ubi
1039 2718 1048 2764 ε
1071 2693 1110 2767 δι
1131 2691 1291 2790 fiparum
1310 2700 1374 2774 ha·

395 2805 454 2878 bet
476 2799 569 2874 lallis
589 2812 766 2889 mater,ut
779 2797 933 2893 subjiciat
948 2799 1006 2873 sub
1020 2803 1156 2881 alterius
1169 2833 1372 2909 mammam,

392 2911 456 3014 qui
475 2909 687 3008 appellantur
706 2907 875 2994 subrumi‚
897 2906 932 2980 id
951 2909 997 2982 ell
1014 2911 1075 2986 sub
1097 2941 1248 2991 mamma.
1274 2925 1370 2999 anti·

392 3045 466 3119 quo
480 3020 571 3092 enim
587 3018 762 3092 vocabulo
781 3043 926 3092 mamma
942 3021 1065 3113 rumis,
1078 3042 1117 3097 ut
1130 3026 1270 3124 opin'or.
1284 3036 1368 3110 Fere

393 3129 437 3200 ad
451 3145 601 3229 quatuor
617 3125 745 3198 menses
759 3151 776 3198 a
790 3152 933 3202 mamma
947 3153 1019 3202 non
1032 3131 1256 3233 dijunguntur
1265 3144 1367 3241 agni,

389 3233 490 3309 hoedi
509 3251 601 3320 tres,
622 3231 720 3328 po'rci
738 3231 819 3308 duo.
833 3259 852 3306 e
867 3235 983 3333 queis,
998 3239 1161 3337 quoniam
1184 3247 1264 3340 puri
1291 3249 1367 3327 sunt

391 3343 435 3417 ad
453 3339 678 3432 sacrificium,
701 3360 738 3414 ut
761 3341 983 3420 immolentur
994 3402 1007 3436 ,
1028 3349 1113 3423 illim
1134 3351 1294 3450 appellati
1316 3359 1367 3435 sa·

391 3479 489 3543 cres,
513 3479 603 3552 quos
620 3452 767 3550 appellat
786 3455 944 3544 Plautus,
958 3484 1036 3532 cum
1049 3463 1119 3553 ait,
1139 3467 1274 3558 Quanti
1290 3472 1365 3548 sunt

321 3653 325 3663 Ι
388 3566 489 3667 porci
509 3566 637 3640 sacres?
653 3566 696 3639 fic
715 3566 827 3640 boves
844 3569 972 3661 altiles,
985 3571 1028 3645 ad
1041 3571 1203 3648 sacrificia
1223 3583 1364 3676 publica

388 3677 555 3776 saginati,
571 3677 729 3781 dicuntur
749 3679 868 3772 opimi.
885 3683 992 3773 Qarta
1014 3710 1090 3779 pars
1109 3676 1156 3758 est
1176 3688 1218 3760 de
1238 3691 1364 3768 sanita·

387 3806 422 3861 te
439 3813 449 3861 t
476 3812 527 3860 res
545 3785 748 3880 multiplex,
763 3813 803 3859 ac
827 3792 1028 3883 neceffaria;
1043 3796 1139 3892 quod
1160 3799 1363 3876 morbosum
1400 3881 1402 3885 ,

342 3986 366 4001 Ι,
385 3923 518 3995 pecus,
544 3900 582 3972 &
602 3895 789 3986 vitiosum,
813 3901 851 3972 δε
873 3904 1012 3997 quando
1034 3929 1105 3977 non
1128 3907 1220 3978 valet
1235 3963 1248 3999 ‚
1261 3911 1362 4010 'saepe

384 4008 507 4108 magna
525 4035 659 4111 gregem
673 4008 776 4086 afficit
791 4011 987 4119 calamitate.
1006 4011 1114 4112 Cujus
1134 4015 1287 4094 scientiae
1299 4025 1365 4123 ge·'
