3509 5084
313 622 315 627 ⁷
460 620 520 686 xx
641 611 723 684 ro,
750 611 968 683 maran.
996 569 1258 682 cusnani
1302 600 1304 605 ’

240 861 241 872 ¹
341 800 345 808 ,
460 768 555 844 Galli
568 759 635 840 tuit
654 795 673 841 a
692 768 863 842 Politiano
876 767 1101 863 Vidlorioque
1118 768 1285 841 adhibitus
1297 823 1308 858 ‚
1322 770 1421 866 plane

459 878 601 952 dubium
622 902 693 950 non
713 879 761 949 est
773 933 784 966 ,
797 877 881 974 quin
908 878 995 950 inter
1014 878 1189 951 Mediceos
1208 879 1246 950 lit
1269 877 1420 956 referen-

458 988 532 1059 dus.
555 988 643 1078 Quae
669 1011 744 1059 cum
765 985 810 1057 ira
834 983 920 1072 sant,
937 985 1112 1079 probabile
1133 984 1215 1057 mihi
1236 986 1302 1074 ell,
1317 987 1424 1084 quari

458 1113 532 1170 tum
548 1099 585 1170 δι
604 1094 759 1192 quintum
781 1093 925 1167 Fabricii
940 1093 1100 1183 codices,
1117 1094 1178 1167 sub
1190 1095 1293 1171 tribus
1309 1099 1422 1172 Medi-

459 1208 529 1282 ceis
547 1205 726 1280 contineri.
743 1205 892 1301 AEquum
914 1203 960 1274 est
974 1223 1104 1291 autem,
1120 1228 1260 1296 omnes,
1275 1208 1335 1304 qui
1349 1235 1419 1282 ma·

455 1342 523 1414 gna
544 1315 599 1388 lua
617 1340 694 1388 curn
711 1312 956 1386 commoditate
976 1330 1118 1385 utuntur
1135 1316 1289 1410 quotidie
1300 1320 1420 1392 Fabri·

455 1422 563 1499 cianis
589 1421 772 1509 thesauris,
791 1443 866 1492 non
892 1437 1024 1492 tantum
1044 1421 1188 1495 comiter
1211 1422 1325 1517 ferre,
1350 1427 1420 1502 nir

455 1559 535 1635 non
555 1530 679 1621 viderit
701 1524 818 1603 omnia
833 1554 842 1601 ε
858 1527 916 1601 sed
932 1528 1031 1600 etiam
1051 1554 1118 1626 pro
1142 1530 1234 1605 virili
1251 1559 1419 1632 quemque

455 1643 520 1717 sua·
538 1664 698 1714 nummos
726 1637 858 1736 aliquot
885 1636 921 1709 in
945 1638 1086 1712 divitem
1114 1664 1226 1737 gazam
1253 1643 1420 1720 conferre.
1511 1634 1513 1639 ’

453 1752 533 1827 Nos
558 1750 693 1847 quidem
719 1748 782 1821 hac
812 1748 1008 1844 prefatione
1031 1750 1097 1822 tale
1123 1750 1204 1848 quid
1228 1776 1419 1844 conamur,

454 1885 530 1933 non
544 1875 683 1944 autem,
699 1856 793 1953 quod
812 1856 981 1928 emendari
1002 1857 1136 1953 possunt
1156 1861 1310 1956 quadam
1324 1861 1359 1933 in
1375 1863 1418 1934 li.

453 1968 526 2043 bris
547 1964 836 2063 praellantiffimis,
849 1965 927 2037 viro
946 1965 1059 2036 multis
1073 1965 1271 2040 nominibus
1282 1969 1418 2043 amabili

454 2075 672 2171 exprobrare.
699 2073 787 2146 addi
814 2073 916 2170 igitur
936 2073 1138 2148 Fabricianis
1161 2076 1272 2170 potest
1292 2080 1417 2151 Codex

450 2185 656 2260 Columella
675 2182 839 2271 collatus,
853 2181 914 2282 qui
934 2183 1038 2256 exllat
1059 2185 1095 2256 in
1123 2185 1329 2262 bibliotheca
1354 2191 1418 2265 Ed.

451 2294 615 2370 Bernardi
635 2303 669 2368 n.
690 2295 807 2387 7478,
822 2294 891 2362 No.
920 2317 1054 2387 r3a,p.
1085 2320 1165 2385 227.
1187 2295 1297 2369 Catal.
1323 2299 1416 2373 MSS.

452 2405 606 2499 Angliae:
628 2403 775 2493 itemque
795 2422 896 2493 quem
916 2398 1064 2493 Neapoli
1083 2400 1149 2472 effe
1167 2400 1212 2472 ait
1230 2401 1266 2474 in
1288 2406 1416 2478 biblio-

453 2514 551 2586 theca
577 2511 609 2580 S.
632 2506 770 2588 loannis
791 2506 998 2578 Carbonarii
1023 2507 1175 2581 Thomas
1200 2508 1414 2587 Bartholinus

452 2621 496 2692 de
514 2614 711 2713 peregrinat.
727 2615 817 2686 Med.
835 2640 868 2711 p.
891 2613 1023 2686 mised
1038 2615 1117 2690 huic
1137 2619 1258 2691 nostrae
1271 2619 1416 2695 editioni

315 2729 319 2736 ’
449 2729 525 2801 duo
542 2722 723 2820 prasertim
740 2725 835 2796 MSS.
851 2721 1063 2819 profuerunt.
1082 2725 1196 2800 Primo
1214 2728 1307 2800 Guil.
1329 2731 1416 2802 Goe·

451 2837 517 2910 flur
529 2832 755 2908 Columellam
774 2858 852 2906 cum
872 2831 1014 2929 optimae
1034 2853 1128 2908 notae
1140 2837 1270 2910 Codice
1291 2858 1415 2919 contu-

454 2946 539 3019 lerat
556 2945 597 3017 ad
610 2943 796 3016 editionem
808 2942 1076 3031 Colonienlem5
1097 2970 1235 3044 eamque
1255 2948 1431 3020 collario--

453 3081 532 3128 nem
564 3053 709 3126 editioni
748 3054 902 3126 Parisrnae
942 3080 1027 3153 1533
1064 3057 1278 3161 adscripscrat
1313 3062 1414 3132 lanus
1455 3068 1457 3073 '

453 3160 705 3247 Broulrhusrus3
723 3161 781 3257 qui
805 3160 890 3232 liber
913 3161 1034 3241 deinde
1054 3163 1212 3259 pervenit
1233 3164 1269 3235 in
1286 3165 1413 3251 biblio-

330 3306 332 3311 ’
426 3374 428 3377 Ι
454 3273 585 3345 thecam
602 3269 720 3367 Lipsrae
733 3270 906 3343 conditam
919 3296 938 3342 a
953 3274 1009 3345 lo.
1027 3274 1092 3346 Jac.
1107 3275 1243 3365 Retro,
1258 3277 1414 3351 consalia·

320 3474 322 3479 Α
454 3384 510 3457 rio
523 3382 608 3477 regis
623 3382 842 3453 Polouiarum
857 3384 896 3454 &
909 3382 1061 3457 senatore
1070 3385 1249 3481 lipsiensi,
1263 3389 1297 3460 in
1312 3416 1413 3486 quam

455 3492 512 3567 vir
532 3491 589 3570 ille
608 3492 654 3563 rei
675 3491 804 3564 rullicae
829 3492 996 3566 studiosus
1018 3516 1090 3567 non
1105 3497 1208 3594 magis
1229 3524 1329 3594 quarn
1351 3523 1412 3592 pe·

454 3605 540 3679 ritus
558 3627 710 3699 magnam
727 3602 797 3673 vim
820 3602 984 3673 librorum
1005 3605 1047 3674 ad
1068 3630 1187 3678 omnes
1208 3606 1278 3697 ejus
1302 3626 1412 3700 partes

454 3710 694 3808 pertinentium
716 3709 931 3806 congesserat.
952 3713 1002 3780 Ex
1023 3713 1085 3785 bac
1109 3713 1210 3812 igitur
1231 3714 1411 3790 bibliothe·
1438 3808 1440 3812 ι
1480 3771 1489 3790 .

455 3818 661 3914 caprimum
682 3819 840 3888 utendam
862 3836 1035 3912 acceperat
1061 3822 1114 3894 Cl.
1140 3823 1411 3918 ScboettgeniuS,

458 3926 576 4000 deinde
604 3927 701 4001 etiam
729 3927 811 3997 mibi
840 3925 910 4019 ejus
937 3930 1035 4022 copia
1056 3930 1138 4002 falla
1158 3931 1203 4013 eli
1224 3955 1282 4025 per
1299 3918 1434 4006 ‘sno-⁸

460 4051 556 4104 Mam
570 4040 815 4112 WAGNERUM
827 4040 942 4115 letum
955 4039 994 4115 δι
1011 4026 1239 4125 confiliarium
1258 4042 1408 4140 regium,
