3509 5084
472 606 519 704 36
571 690 577 705 ..
616 608 666 676 M.
714 604 1054 678 porterus
1102 606 1308 681 curo

467 765 593 861 ligato,
608 789 649 836 ne
663 764 767 836 cadat.
785 763 903 836 Postea
917 764 1428 859 stramentiseitcumdato‚alli·',

470 894 639 973 garoque,
665 873 816 968 negelus
837 891 969 945 noceat.

517 983 606 1052 XLI.
622 979 709 1050 Vitis
723 979 836 1049 insitio
854 1005 920 1050 utra
933 979 980 1051 est
1000 1003 1059 1074 per
1074 1006 1155 1070 vet,
1167 958 1269 1055 altera
1289 979 1335 1056 est
1348 1012 1427 1061 cum

468 1115 551 1162 uva
558 1088 676 1174 floret,
691 1111 728 1158 ea
743 1106 872 1181 opttma
892 1089 947 1160 est.
970 1091 1124 1163 Pirorum
1139 1118 1178 1172 uc
1194 1094 1382 1166 malorum
1373 1123 1427 1167 m

468 1197 545 1271 srtio
569 1223 627 1293 per
648 1200 780 1285 ver‚'&
800 1223 860 1292 per
880 1197 1056 1271 solstitium
1077 1201 1146 1272 dies
1163 1202 1398 1301 quinquaginta
1411 1215 1440 1294 ,¹
1464 1264 1485 1299 ,1

468 1311 505 1382 ἃ
519 1333 578 1403 per
593 1306 808 1379 vindemiam.
832 1306 928 1378 Oleae
946 1311 983 1381 &
1002 1305 1145 1380 ficorum
1165 1311 1278 1383 infitio
1297 1310 1343 1382 est
1362 1337 1424 1408 pet·

466 1445 540 1493 ver.
566 1419 678 1489 Vitem
705 1417 749 1488 stc
777 1415 926 1488 inserito.
950 1410 1126 1517 praeeidito
1139 1470 1150 1504 ,
1171 1443 1270 1515 quam
1291 1419 1425 1517 inseres.

465 1555 539 1602 eam
558 1530 699 1600 mediam
721 1526 890 1599 diffindito
910 1520 977 1622 pet
991 1527 1182 1629 medullam.
1207 1552 1249 1601 eo
1270 1527 1424 1602 surculos

465 1658 650 1736 praeaeutos
671 1639 775 1711 artito
786 1691 797 1725 ,
810 1663 898 1733 quos
910 1638 1244 1724 inseres‚·medullam
1261 1665 1337 1712 cum
1353 1665 1424 1714 me·

464 1748 554 1818 dulla
577 1746 788 1842 componito.
804 1748 920 1818 Altera
942 1745 1055 1819 insitio
1075 1747 1132 1820 est.
1158 1747 1192 1818 si
1211 1747 1290 1820 vitis
1315 1748 1422 1822 vitem

464 1855 668 1952 continget,
695 1854 867 1953 utriusque
900 1854 1006 1926 vitem
1033 1872 1181 1927 teneram
1209 1855 1422 1950 praeacuim,

464 1964 608 2058 obliquo
621 1963 709 2033 inter
723 1961 788 2033 sese
805 1962 985 2036 medullam
999 1989 1076 2036 cum
1089 1963 1232 2035 medulla
1248 1965 1340 2036 libro
1350 1965 1423 2037 col·

419 2156 422 2160 ,
463 2074 578 2170 ligato.
597 2074 712 2144 Tertia
724 2072 837 2145 infitio
855 2073 913 2146 est.
923 2071 1070 2147 Terebra
1085 2072 1209 2162 vitem,
1224 2077 1323 2170 quain
1337 2073 1424 2147 inse-1

463 2209 536 2271 res,
553 2185 749 2277 pertundito
760 2236 771 2271 ‚
784 2207 827 2274 eo
841 2184 929 2256 duos
943 2182 1094 2256 surculos
1112 2182 1310 2279 vitigineos‚
1324 2184 1420 2281 quod

461 2315 565 2388 genus
578 2290 641 2362 effe
659 2292 773 2380 voles,
787 2289 928 2363 inseu'os
942 2292 1103 2387 obliquos
1118 2284 1276 2365 ar'titoad
1277 2291 1431 2411 ,meduls

461 2399 539 2470 lam.
565 2397 713 2471 facito”
691 2425 732 2471 us
753 2400 931 2471 medullam
951 2424 1027 2474 cum
1046 2400 1189 2472 medulla
1207 2398 1422 2496 conjungas,

452 2510 629 2606 mritoque
651 2534 708 2594 ea,
726 2533 791 2606 qua
808 2509 1057 2638 terebraveris,
1080 2511 1220 2582 alterum
1247 2535 1290 2580 ex
1316 2510 1419 2581 altera

461 2640 566 2717 parte
586 2623 654 2691 Eos
677 2619 827 2692 surculos
847 2585 952 2692 facito
973 2619 1034 2691 lint
1043 2619 1153 2716 longi
1173 2620 1273 2716 pedes
1294 2619 1419 2690 binos:

460 2755 520 2803 eos
544 2730 580 2801 in
601 2751 723 2803 terram
738 2729 925 2811 dimittito,
944 2718 1175 2834 replie'atoqtre
1192 2730 1234 2799 ad
1255 2729 1336 2800 vitis
1359 2752 1418 2801 ca·

359 2842 363 2849 ’
459 2856 542 2935 ρυῐ,
558 2839 681 2912 medias
695 2838 776 2912 vitis
794 2836 946 2912 vinclis
938 2861 972 2908 m
992 2844 1113 2909 terram
1135 2834 1294 2933 defigite,
1315 2854 1419 2910 terra·

459 2975 527 3047 que
548 2950 696 3046 operito·
717 2951 800 3023 Haec
813 2949 930 3022 omnia
946 2925 1022 3021 luto
1040 2946 1157 3044 depllo
1180 2945 1353 3031 oblinito,
1367 2944 1420 3018 al·

349 3112 356 3118 -
457 3059 612 3155 ligato,
604 3059 814 3158 mtegitoque
836 3061 879 3132 ad
899 3058 1042 3132 eundem
1070 3058 1210 3130 modum
1223 3035 1418 3154 ,tanqu'am

460 3166 564 3239 oleas.

479 3294 484 3304 ¹
506 3278 611 3351 XLll.
631 3275 730 3351 Ficos
743 3277 781 3352 &
798 3276 891 3356 oleas
909 3277 1017 3349 altero
1041 3275 1158 3361 modo.
1185 3275 1293 3366 Quod
1311 3297 1417 3372 genus

456 3407 514 3477 aut
534 3385 635 3460 licum
649 3443 660 3478 ,
673 3384 733 3462 aut'
750 3389 860 3461 oleam
882 3376 947 3461 elle
966 3386 1078 3474 volet,
1095 3384 1173 3480 inde
1187 3385 1309 3457 librum
1332 3384 1418 3458 scal·

370 3521 378 3573 ς
455 3523 520 3596 ρτο
543 3499 723 3589 eximito,
716 3497 883 3573 3alterum
905 3499 1028 3572 librum
1057 3521 1135 3569 cum
1152 3521 1282 3592 gemma
1306 3496 1347 3564 de
1371 3517 1418 3566 eo

453 3606 545 3710 lico,
560 3609 656 3702 quod
670 3632 775 3704 genus
792 3609 856 3680 elie
877 3607 1000 3696 voles,
1020 3603 1180 3678 eximito·
1171 3600 1362 3699 ,apponito
1376 3601 1415 3672 iu
1450 3632 1454 3641 ·

453 3743 530 3791 eum
551 3716 686 3819 locum
701 3716 792 3787 unde
805 3716 1010 3790 exsecavetis
1024 3715 1208 3813 inalterum
1226 3735 1346 3808 genus,
1359 3709 1415 3781 fa·

334 3848 340 3862 ·
454 3829 592 3925 citoque
610 3807 662 3899 uti
684 3827 878 3898 conveniat
892 3827 1030 3898 Librum
1044 3826 1185 3924 longum
1207 3821 1312 3895 facito
1325 3819 1418 3919 digis

454 3952 509 4009 tos
528 3960 583 4011 111.
607 3957 636 4009 s.
663 3936 766 4008 litum
790 3933 915 4032 digitos
941 3954 1017 4010 tres.
1038 3939 1081 4012 ad
1103 3935 1246 4011 eundem
1271 3933 1414 4007 modum

454 4044 626 4140 oblinito,
641 4044 784 4148 integito
800 4097 812 4140 ,
826 4045 876 4121 uti
891 4062 1011 4124 cetera.
