3509 5084
389 564 421 617 x
562 544 638 615 JO.
661 541 876 611 MATTH.
903 540 1168 611 GESNERI

391 730 461 777 non
481 700 592 774 minus
606 723 706 794 quam
725 696 846 794 reliqui
869 718 946 771 ante
964 690 1242 769 victorium'tibri
1256 697 1361 796 typis.

387 812 515 895 ineufi,
535 817 634 885 decem
657 809 802 884 habeat:
819 831 969 879 errorem
992 803 1108 878 nescio
1135 802 1230 899 cujus
1251 828 1347 903 puta·

387 923 447 1011 vi,
466 946 529 995 nec
552 920 720 994 rationem
741 917 812 1015 ejus
831 914 1042 990 invadente
1060 914 1215 989 lectionis
1237 943 1348 991 anuo·

386 1033 487 1105 tanda
504 1029 617 1104 habui.

442 1146 499 1215 111.
522 1145 565 1214 Et
588 1140 667 1215 sane
693 1165 847 1240 magnam
872 1152 1006 1234 partem
1023 1158 1181 1212 notarum
1209 1139 1349 1212 Meurfii

384 1240 433 1325 iia
450 1252 651 1350 compendii
662 1251 809 1326 fecimus.
822 1249 932 1342 Prope
945 1247 1037 1320 enim
1047 1247 1090 1321 ab
1104 1247 1228 1320 insania
1242 1247 1350 1318 abesse

385 1364 548 1458 putabam
566 1361 751 1436 adscribere
775 1355 1035 1430 annotationem
1059 1381 1164 1430 unum
1190 1357 1350 1429 alterum·

386 1496 457 1568 que
479 1471 609 1547 versum
627 1467 864 1561 impleturam,
881 1491 949 1564 qua
971 1467 1056 1539 nihil
1082 1466 1221 1540 disceret
1244 1467 1350 1540 ledor

386 1582 501 1668 aliud,
523 1601 624 1674 quam
644 1573 823 1673 quodiam
841 1576 937 1674 supra
957 1576 1056 1651 brevi
1077 1595 1160 1649 nora
1180 1575 1280 1648 unius
1303 1577 1350 1657 ai·
1401 1584 1405 1591 ’

384 1686 556 1783 neriusque
577 1685 684 1759 literae
702 1684 778 1759 satis
796 1704 910 1782 aperte
929 1686 1116 1760 indicatum
1130 1686 1219 1761 esset.
1237 1691 1349 1783 Atque

385 1796 457 1867 hoc
470 1794 607 1891 quidem
621 1819 666 1869 eo
680 1794 825 1869 consilio
844 1794 966 1869 sadum
984 1797 1054 1885 est,
1068 1799 1163 1895 quod
1181 1822 1284 1869 nemo
1297 1796 1349 1869 sa·

385 1904 452 1977 cile
464 1904 682 2000 improbabit.
696 1906 760 1977 Sed
773 1906 853 1979 alias
866 1908 967 1980 etiam
979 1908 1136 2005 quasdam
1148 1925 1219 1980 tum
1235 1910 1351 1979 Meur-

385 2012 425 2085 sri
446 2032 519 2086 tum
540 2016 679 2110 Popmae
696 2033 796 2088 notas
815 2014 876 2087 suo
897 2015 980 2089 loco
1006 2015 1125 2087 frustra
1142 2015 1349 2111 requires,s1

386 2120 477 2195 forte
497 2123 533 2194 id
555 2147 651 2223 agas,
665 2122 785 2195 Lector
800 2150 809 2196 τ
824 2122 919 2217 cujus
933 2125 980 2198 rei
1000 2125 1169 2198 reddenda
1190 2126 1247 2198 hic
1262 2125 1350 2197 ratio

385 2230 457 2321 est,
475 2256 519 2304 ne
539 2232 615 2330 quis
629 2231 719 2320 alio,
741 2256 843 2328 quam
860 2258 949 2330 opus
968 2234 1204 2329 est,accipiar.
1223 2233 1352 2304 Decre-

388 2364 548 2418 vetamus
563 2342 662 2415 initio
683 2336 718 2411 in
732 2361 884 2436 quatuor
904 2343 995 2439 quast
1017 2342 1131 2414 classes
1145 2341 1352 2437 dispescere,
1372 2428 1379 2443 κ

389 2453 559 2550 quidquid
580 2453 622 2523 ad
637 2448 851 2523 illustrandos
871 2452 975 2525 hosce
1000 2450 1180 2546 scriptores
1206 2451 1353 2548 pertine·

387 2580 464 2649 ret,
483 2581 583 2657 atque
603 2559 640 2630 in
663 2561 770 2654 prima
794 2560 891 2634 classe
911 2584 1039 2657 ponere
1060 2558 1213 2631 lediionis
1236 2560 1350 2630 varie-

387 2674 570 2760 tatem,eo
593 2669 721 2761 modo,
736 2697 838 2770 quern
857 2669 961 2744 securi
979 2669 1079 2742 etiarn
1102 2669 1231 2754 sumus,
1246 2669 1282 2740 in
1304 2670 1354 2743 al·

388 2796 459 2851 tera
486 2776 663 2852 breviores
692 2780 1012 2869 annotatiunculas‚
1036 2778 1160 2875 quibus
1190 2778 1353 2852 sententia

388 2889 585 2967 redderetur
604 2892 747 2977 clarior,
761 2892 879 2990 easque
893 2896 930 2964 δι
944 2891 1029 2986 ipsas
1047 2891 1159 2964 verbis
1177 2892 1352 2963 aridorum

390 2998 698 3094 subjicere31ertiae
726 3022 835 3076 autern
857 3003 1017 3098 assignare
1041 3002 1213 3072 uberiores
1239 3000 1353 3096 dispu-

389 3109 550 3199 tationes,
566 3112 691 3207 quibus
711 3113 766 3186 vel
791 3113 945 3185 ledionis
960 3112 1156 3184 redderetur
1170 3109 1280 3199 ratio,
1295 3108 1354 3180 vel

389 3239 626 3315 argumentum
640 3221 745 3316 ipsum
761 3222 931 3319 copiosius
943 3218 1192 3318 explicaretur3
1207 3219 1353 3317 denique

388 3326 426 3399 in
444 3326 592 3401 indicem
611 3328 782 3422 conjicere
801 3355 839 3401 ea
855 3329 990 3418 omnia,
1005 3355 1080 3427 quae
1095 3330 1136 3401 ad
1152 3328 1354 3427 singularum

389 3457 520 3507 vocum
533 3436 808 3534 significationem
823 3458 922 3534 atque
935 3437 1029 3510 usum
1043 3437 1259 3532 pertinerent.
1271 3440 1352 3507 Earn
1419 3528 1427 3537 .

388 3570 478 3621 vero
498 3550 688 3639 rationem,
703 3576 801 3648 quam
816 3575 910 3624 nunc
929 3549 1029 3622 etiam
1043 3548 1208 3643 optimam
1222 3546 1352 3639 judica·

388 3678 465 3729 mus
480 3660 517 3733 δι
531 3660 627 3732 omni
648 3658 810 3731 tenorum
826 3660 941 3756 generi
955 3653 1353 3743 accommodatissimam,

321 3828 324 3837 .
390 3788 527 3865 quaque
547 3766 641 3840 usum
664 3790 707 3838 ex
731 3785 823 3863 parre
837 3765 947 3863 aliqua
969 3765 1072 3839 video
1086 3757 1122 3838 in
1142 3765 1276 3836 Aretaeo
1290 3786 1354 3832 nu·

390 3898 452 3970 per
466 3877 627 3952 illustrem
639 3876 884 3976 Boerhavium,
900 3875 1031 3949 servare
1043 3874 1116 3949 aliae
1130 3870 1281 3968 quaedam
1297 3894 1353 3942 ra-

334 3992 337 3997 '
391 3982 504 4063 tiones
526 4013 599 4063 non
620 3985 696 4063 sunt
713 3985 833 4084 passae,
856 3985 1061 4084 evenitque,
1083 3983 1178 4081 quod
1203 3979 1250 4054 est
1264 3979 1354 4077 apud
