3509 5084
429 364 446 414 l

481 497 534 622 pu
631 518 1311 600 urenturnvnnnonrs

487 681 660 759 institutos
680 681 849 770 hislonas,
868 683 912 754 src
925 680 1010 754 alios
1023 680 1180 758 artifices.
1193 687 1370 776 Scuoan,
1386 689 1463 762 Dp,

484 792 662 892 jungamus
682 794 803 892 igitur,
821 791 952 891 inquit,
966 794 1153 888 pastionem
1170 821 1189 866 a
1209 799 1362 890 cultura,
1379 779 1459 884 &li

485 901 562 996 quis
577 901 660 998 quid
681 903 754 974 vult
770 901 872 973 aliud.
889 904 988 970 Anne
1003 923 1088 998 ego,
1102 905 1252 996 inquam,
1267 905 1386 1000 sequar
1396 910 1461 981 Sa·

485 1012 656 1088 sernarum
673 1011 828 1107 patris&
848 1006 909 1081 filii
923 1009 1053 1082 libros?
1070 1036 1111 1084 ac
1125 1014 1231 1109 magis
1246 1001 1361 1109 putem
1376 1043 1462 1113 per·

483 1121 617 1212 tinere,
634 1117 765 1220 figlinas
783 1120 1070 1218 quemadmodum
1096 1123 1246 1196 exerceri
1266 1146 1460 1220 oporteat,

484 1256 587 1330 quam
608 1230 735 1326 argenti
750 1229 906 1316 fodinas,
920 1250 978 1302 aut
998 1230 1063 1303 alia
1076 1233 1115 1305 δι
1128 1230 1193 1304 alia
1209 1234 1358 1323 metalla,
1375 1262 1458 1333 quae

483 1342 552 1418 fine
568 1341 674 1415 dubio
695 1341 729 1413 in
744 1340 863 1437 aliquo
886 1365 969 1437 agro
986 1337 1098 1414 fiunti
1112 1342 1177 1415 Sed
1191 1363 1227 1415 ut
1240 1368 1350 1442 neque
1363 1347 1458 1444 lapi·

481 1452 628 1540 eidinae,
643 1475 751 1548 neque
773 1449 933 1524 arenariae
945 1448 987 1524 ad
998 1449 1242 1547 agriculturam
1257 1454 1460 1550 pertinent,

481 1561 529 1639 sic
551 1559 683 1657 siglinae.
710 1558 830 1653 Neque
857 1558 937 1631 ideo
960 1582 1033 1630 non
1056 1558 1093 1630 in
1119 1585 1191 1658 quo
1211 1586 1295 1660 agro
1318 1564 1455 1641 idoneae
1491 1648 1494 1657 Ι

348 1676 357 1739 '.
482 1664 621 1765 possunt
640 1662 726 1751 esse,
752 1659 870 1760 [non]
896 1665 1116 1756 exercendae,
1135 1686 1237 1765 atque
1258 1692 1301 1741 ex
1320 1670 1368 1745 eis
1393 1699 1452 1748 ca·

480 1774 600 1875 piundi
622 1771 771 1846 fruetus:
791 1791 827 1845 ut
841 1773 943 1845 etiam
960 1771 1074 1873 fiager
1088 1774 1271 1849 secundum
1287 1779 1378 1852 viam
1385 1832 1398 1868 ,
1411 1785 1453 1859 δι
1488 1860 1493 1867 ,

343 1954 347 1961 .
480 1878 697 1984 opportunus
718 1880 908 1956 viatoribus
929 1883 1049 1977 locus,
1071 1885 1276 1961 aedificandae
1298 1892 1449 1967 taberne

479 1996 676 2080 diversoriae
687 2048 698 2087 ,
709 2019 787 2091 quae
801 2012 913 2067 tamen
926 1995 1083 2093 quamvis
1102 1997 1166 2070 fint
1178 1997 1378 2093 fructuosa,
1392 2005 1451 2077 ni*

360 2194 364 2199 Ι
477 2104 553 2178 hilo
578 2103 684 2201 magis
710 2101 786 2210 sunt
812 2102 1026 2200 agriculturae
1050 2125 1170 2201 partes.
1181 2103 1279 2200 'Non
1305 2112 1397 2185 enim
1422 2113 1448 2186 si

338 2242 341 2249 ’
477 2219 556 2316 quis
577 2235 716 2313 propter
735 2240 880 2314 agrurn,
903 2231 960 2286 aut
981 2214 1083 2291 etiam
1110 2217 1147 2292 in
1171 2245 1256 2319 agro
1273 2221 1448 2319 prosedus

477 2331 623 2403 domino
643 2328 854 2425 agriculturae
876 2345 1053 2425 acceptum
1073 2312 1200 2406 rescire
1212 2334 1332 2427 deber,
1344 2335 1400 2410 sed
1412 2335 1448 2410 id

475 2439 598 2526 modo,
613 2437 708 2534 quod
719 2463 761 2509 ex
776 2437 905 2510 satione
918 2456 1006 2511 terra
1020 2439 1060 2528 sit
1070 2459 1187 2517 natum
1199 2443 1241 2517 ad
1254 2443 1447 2525 fruendum.

475 2551 621 2647 Suscipit
635 2553 782 2640 stow,
799 2554 875 2639 Tu,
892 2551 1024 2651 inquit,
1039 2553 1173 2630 invides
1186 2573 1283 2630 tanto
1297 2558 1447 2657 scripto·

236 2735 245 2788 Ι,
305 2670 315 2690 s
373 2698 384 2715 „
473 2666 578 2753 ri‚&
596 2661 840 2759 obstrigillandi
854 2662 951 2735 causa
963 2662 1095 2762 figlinas
1113 2667 1448 2763 reprehendis,cum

473 2774 635 2874 praeclara
648 2775 819 2868 quaedam,
834 2799 877 2846 ne
891 2775 1026 2866 laudes,
1041 2776 1272 2872 pretermittas
1282 2771 1295 2864 ‚'
1309 2780 1448 2872 quaead

372 2968 375 2973 ¹
471 2884 713 2984 agriculturam
734 2884 954 2957 vehementer
976 2884 1171 2981 pertineant.
1186 2885 1275 2955 Cum
1291 2883 1447 2957 subrisis-

471 2996 520 3085 set
536 2998 709 3081 Scuofn,
731 2993 826 3091 quod
842 3018 915 3065 nou
931 2990 1111 3090 ignorabat
1131 2991 1260 3082 libros,
1277 2994 1315 3066 δι
1329 2990 1444 3088 despi-

471 3106 594 3187 ciebat,
605 3109 641 3178 &
656 3111 852 3178 Aennslus
865 3102 898 3175 se
912 3101 995 3176 scire
1007 3102 1116 3175 modo
1129 3121 1280 3196 putaret,
1295 3127 1333 3174 ac
1346 3103 1443 3176 Sao·

469 3232 613 3319 bouum
626 3212 789 3308 rogasset,
805 3234 843 3284 ut
857 3211 1005 3300 diceret,
1022 3209 1141 3305 coepit.
1155 3207 1280 3280 Scribit
1300 3204 1456 3286 cimices*

430 3390 437 3402 ,
470 3320 758 3420 quemadmodum
773 3317 919 3393 interfici
938 3333 1098 3419 oporteat
1111 3315 1164 3390 his
1178 3317 1302 3390 verbis.
1321 3321 1440 3393 Cucu-

467 3455 594 3505 merem
621 3429 806 3526 anguinum
828 3426 974 3501 condito
998 3423 1034 3497 in
1048 3448 1194 3520 aquam,
1216 3450 1359 3524 eamque
1381 3428 1440 3500 in·

365 3592 368 3597 >
466 3538 601 3627 spndito
618 3563 690 3635 quo
709 3538 831 3626 voles,
844 3537 930 3607 nulli
948 3535 1122 3608 accedent.
1144 3535 1198 3608 vel
1212 3534 1258 3608 fel
1271 3537 1440 3610 bubulum

390 3708 394 3716 .
465 3674 544 3722 cum
572 3667 669 3721 aceto
694 3647 861 3732 mixtum,
881 3645 1028 3740 unguito
1054 3646 1186 3718 ledum.
1209 3650 1438 3719 FUNDans

463 3757 583 3852 aspicit
605 3759 647 3829 ad
666 3759 877 3842 ScqunM,
900 3758 943 3825 Et
961 3775 1071 3827 tamen
1100 3782 1220 3829 verum
1241 3759 1352 3846 dicit,
1380 3760 1439 3829 in·

462 3867 558 3962 quit,
573 3867 651 3954 hic,
665 3887 701 3937 ut
715 3867 782 3936 hoc
798 3863 963 3957 scripserit
977 3864 1012 3934 in
1027 3864 1241 3961 agricultura.
1257 3872 1332 3953 Ille,
1347 3866 1437 3938 Tam

462 3971 597 4069 lrercle,
612 3999 714 4075 quam
733 3970 867 4075 hocgsr
892 3996 993 4074 quem
1015 3972 1168 4072 glabrum
1186 3970 1297 4047 facere
1322 3973 1438 4064 velis,
