3509 5084
572 572 656 644 ‘ua
681 571 749 642 nc
774 567 1031 642 austres
1057 571 1151 641 mu.
1177 572 1204 643 1.
1309 570 1408 665 137·
1456 522 1460 535 ’

418 732 550 820 mixta,
571 751 629 806 aut
651 758 693 806 ne
714 736 855 829 piopter
881 729 1130 804 similitudinem
1158 728 1221 802 srnt
1249 730 1382 813 adulte-³¹

417 843 502 915 rina.
513 844 632 916 Semen
647 860 747 914 vetus
759 859 889 915 tantum
904 841 995 915 valet
1008 840 1043 912 in
1058 840 1253 939 quibusdam
1267 841 1383 932 rebus,

417 949 463 1025 ur'
473 969 623 1022 naturam
644 968 843 1022 commutet.
866 975 941 1022 nam
957 974 999 1021 ex
1015 947 1140 1023 femine
1157 948 1304 1022 braffrcae
1318 975 1383 1031 verr

415 1076 489 1133 tere
509 1057 600 1147 sato,
615 1057 704 1129 nasci
725 1054 819 1152 ajunt
840 1082 940 1152 rapa,
957 1061 994 1131 δι
1009 1074 1130 1131 contra
1153 1082 1197 1132 ex
1218 1081 1380 1154 raporum

416 1166 603 1242 brallicam.
618 1169 769 1241 Secunda
784 1168 908 1241 femina
925 1166 1043 1241 videre
1060 1186 1218 1264 oportet,
1234 1192 1276 1268 ne
1290 1168 1381 1241 unde
1455 1247 1460 1255 ,

419 1275 539 1363 tollas,
554 1274 696 1349 nimium
709 1276 794 1364 cito,
808 1294 864 1348 aut
877 1275 970 1347 tarde
977 1275 1118 1349 tollas*
1129 1278 1278 1379 Tempus
1291 1276 1384 1351 enim
1481 1332 1488 1344 .
1506 1316 1510 1323 ·

418 1384 603 1474 idoneum,
624 1388 719 1485 quod
738 1386 851 1461 scribit
870 1385 1145 1482 Theophrastus,
1158 1410 1239 1461 vere
1259 1387 1297 1458 &
1320 1402 1384 1457 aue

419 1496 578 1583 domno,
594 1500 636 1571 δι-
649 1496 814 1570 caniculae
828 1512 974 1567 exortus
990 1518 1101 1592 neque
1118 1494 1276 1567 omnibus
1294 1494 1383 1568 locis

419 1608 655 1707 acgeneribus
673 1607 773 1680 idem.
791 1608 830 1678 ln
845 1606 936 1678 ficco
956 1605 995 1679 δι
1008 1629 1124 1678 macro
1147 1604 1251 1693 loco,
1267 1607 1305 1678 δι
1326 1631 1384 1677 ar-

382 1806 386 1813 ,
418 1716 541 1815 gilloso
551 1771 562 1805 ,
574 1730 717 1790 ‘vernum
730 1736 861 1812 tempus
875 1715 1058 1806 idoneum,
1070 1740 1143 1813 quo
1156 1715 1267 1790 minus
1281 1715 1385 1788 habet

417 1828 581 1900 humoris.
598 1830 636 1900 ln
653 1847 740 1899 terra
759 1827 851 1899 bona
865 1850 905 1898 ac
922 1827 1058 1923 pingui,
1072 1827 1274 1913 audiumno,
1288 1824 1385 1923 quod

419 1962 504 2009 vere
528 1937 653 2009 multus
677 1935 820 2023 humor,
839 1959 941 2032 quam
965 1936 1129 2043 fatipnem
1153 1935 1289 2033 quidam
1311 1959 1388 2013 me·;

421 2044 551 2119 tiuntur
571 2044 645 2117 fere
666 2045 784 2116 diebus
805 2062 903 2114 xxx.
929 2043 1084 2116 Tettium
1103 2067 1209 2151 genus
1233 2041 1389 2132 feminis,¹

420 2153 517 2250 quod
530 2178 572 2225 ex
592 2153 715 2226 arbore
731 2176 793 2248 peu
808 2150 959 2225 furculos
973 2149 1120 2224 defertur
1134 2149 1170 2222 in
1184 2169 1326 2242 terram,
1339 2151 1388 2225 fic

419 2264 457 2339 in
480 2265 621 2339 humum
643 2262 851 2354 demittitur,
871 2281 910 2362 ut
930 2262 966 2335 in
991 2259 1188 2362 quibusdam
1209 2285 1321 2337 tamen
1344 2262 1387 2337 fit

420 2372 629 2462 videndum,
656 2388 695 2448 ut
721 2396 766 2446 eo
788 2392 944 2468 tempore
967 2371 1009 2449 fit
1033 2372 1282 2468 deplantatum‚
1310 2392 1387 2468 quo

421 2497 571 2575 oportet.
598 2480 633 2553 id
646 2479 736 2553 enim
760 2477 798 2551 fit
815 2498 992 2578 antequam
1010 2506 1179 2579 gemmare
1192 2502 1248 2554 aut
1263 2479 1389 2553 florere
1486 2531 1489 2538 ·

422 2585 506 2683 quid
519 2584 640 2682 incipit
653 2612 663 2657 τ
677 2586 715 2660 δι
730 2611 805 2683 quae
818 2587 860 2659 de
874 2586 997 2658 arbore
1010 2585 1210 2674 transferas,
1224 2600 1262 2659 ut
1274 2611 1312 2658 ea
1327 2587 1390 2666 de·,

422 2697 553 2793 plantes
568 2696 815 2793 potius„quarn
828 2696 997 2795 defringas
1010 2698 1123 2795 t'quod
1139 2696 1262 2794 plantae
1276 2696 1387 2773 folum

422 2803 591 2890 stabilius,
605 2828 676 2903 quo
700 2804 817 2894 latius,
837 2823 875 2877 ut
900 2806 1028 2880 radices
1053 2804 1182 2878 facilius
1203 2804 1325 2878 mittat,
1347 2831 1388 2879 ea

422 2912 788 3009 celeriter,·antequam
804 2912 900 2986 lucus
922 2913 1113 3000 exarescat,
1131 2914 1167 2984 in
1187 2933 1310 2986 terram
1324 2916 1388 2987 de·

399 3012 572 3097 mittunt.
589 3025 740 3097 Demum
755 3022 790 3094 in
806 3022 991 3121 oleagineis
1015 3020 1197 3096 feminibus
1219 3022 1390 3123 [arbores]

422 3132 631 3220 videndum,
647 3149 684 3204 ut
698 3131 738 3205 lit
758 3133 801 3204 de
820 3151 939 3207 tenero
962 3158 1059 3207 ramo
1074 3159 1117 3208 ex
1132 3154 1272 3235 utraque
1293 3157 1389 3234 parte

424 3243 635 3341 aequabiliter
648 3242 840 3341 ptaecilum,
862 3270 947 3344 quas
963 3246 1020 3321 alii
1032 3248 1272 3338 clavulas,alii
1285 3232 1389 3323 taleas

424 3354 670 3448 appellanr,ac
687 3354 817 3430 faciunt
832 3356 967 3431 circire'r
982 3359 1124 3454 pedales.
1144 3360 1312 3451 Quartum
1328 3387 1389 3457 ge·
1476 3374 1478 3383 '

424 3484 491 3533 nus
511 3459 664 3549 feminis,
677 3466 772 3561 quod
790 3464 903 3535 transit
923 3488 967 3535 ex
990 3465 1112 3539 arbore
1130 3465 1165 3540 in
1188 3468 1297 3543 aliam.
1322 3470 1388 3540 Vi-

422 3570 597 3657 dendum,
614 3597 680 3666 qua
701 3597 744 3645 ex
767 3574 888 3645 arbore
911 3572 947 3644 in
968 3598 1067 3671 quam
1092 3576 1329 3664 transferatur,
1349 3581 1388 3653 δι

422 3708 494 3779 quo
527 3700 703 3776 tempore,
729 3683 765 3753 δι
789 3683 1077 3779 quemadmodum
1104 3686 1284 3785 obligetur.
1313 3711 1387 3773 non

424 3792 513 3863 enim
534 3790 644 3886 pirum
665 3790 786 3886 recipit
808 3804 974 3890 quercus}
991 3788 1099 3893 neque
1120 3797 1209 3869 enim
1232 3795 1256 3868 st
1280 3795 1391 3870 malus

425 3898 547 3994 pirum.
569 3902 647 3970 Hoc
662 3898 846 3996 sequuntur
863 3901 981 3995 multi,
995 3904 1054 4001 qui
1069 3905 1233 3999 aruspices
1246 3902 1387 3981 audiunt¹

424 4007 621 4101 multum,a
642 4008 765 4110 quibus
778 4010 978 4111 proditum,
998 4011 1035 4086 in
1057 4012 1194 4112 fingulis
1208 4012 1386 4091 arboribus
