3509 5084
504 599 573 673 228
624 602 697 685 ‘m
722 599 1001 696 renaurrr
1027 598 1327 674 vannortrs

502 759 614 832 Media
635 778 774 856 propter
795 759 1058 858 magnitudinem
1075 778 1169 833 erant
1183 759 1312 846 allatae,
1327 786 1481 860 quaeque

498 893 545 942 ‘ex
566 870 606 941 iis
624 890 789 967 generatae
804 867 919 964 postea
941 888 1082 965 propter
1102 868 1375 944 similitudinem.
1396 871 1481 946 Am-

500 981 573 1077 plas
591 1004 710 1052 omnes
724 1004 766 1051 ex
783 978 845 1069 iis,
864 978 968 1051 evuls
958 1003 985 1050 s
1003 1003 1045 1049 ex
1067 978 1172 1051 alis
1141 978 1252 1074 pinnis
1272 980 1349 1053 &e
1372 983 1481 1054 cauda

501 1089 650 1189 farciunt
670 1088 821 1162 rutundis
838 1088 1029 1178 ordeaceis,
1046 1089 1166 1184 partim
1186 1087 1351 1163 admixtis
1377 1118 1421 1164 ex
1436 1093 1480 1164 fa·

501 1200 577 1272 rina
596 1198 761 1284 loliacea,
775 1216 832 1270 aut
846 1197 970 1270 semine
983 1196 1045 1271 lini
1060 1224 1103 1270 ex
1122 1224 1207 1296 aqua
1223 1198 1332 1272 dulci
1349 1203 1408 1274 Bis
1427 1205 1479 1276 die

501 1310 614 1384 cibum
638 1311 742 1396 dant,
764 1309 983 1382 observantes
1005 1334 1048 1382 ex
1069 1308 1270 1408 quibusdam
1285 1310 1422 1409 signis,
1444 1333 1479 1388 ut

499 1419 595 1516 prior
612 1419 651 1490 sit
666 1420 873 1506 maroelus,
891 1445 991 1516 quam
1007 1402 1187 1491 secunlum
1206 1421 1299 1495 dent.
1315 1423 1420 1495 Dato
1435 1425 1478 1498 ci·

499 1534 662 1620 b0,cum
680 1550 922 1628 perpurgarunt
940 1546 1062 1624 caput,
1078 1555 1120 1599 ne
1140 1553 1229 1624 quos
1253 1532 1407 1607 habeant
1424 1560 1479 1630 pe·

424 1646 427 1653 ’
500 1642 579 1726 des,
601 1639 712 1710 rursus
733 1664 786 1709 eas
806 1638 1027 1711 concludunt.
1049 1641 1126 1711 Hoc'
1147 1638 1279 1713 faciunt
1303 1640 1416 1740 usque
1439 1645 1476 1717 ad

497 1752 568 1823 dies
589 1769 684 1821 xxv,
702 1766 782 1822 tunc
804 1750 948 1846 denique
972 1749 1115 1848 pingues
1135 1750 1231 1827 fiunt.
1251 1754 1412 1846 Quidam
1435 1780 1475 1828 ex

497 1860 634 1935 triticeo
657 1874 742 1954 pane
766 1857 886 1929 intrito
909 1857 944 1929 in
966 1858 1105 1953 aquam,
1125 1860 1237 1934 mixto
1261 1861 1354 1935 vino
1377 1866 1473 1940 bono

497 1972 536 2044 &
549 1969 716 2056 odoratu,
735 1965 900 2052 farciunt,
917 1965 962 2038 ita
977 1983 1015 2038 ut
1027 1968 1143 2043 diebus
1158 1991 1216 2040 xx
1234 1962 1385 2070 pingue's
1400 1977 1470 2048 red·

498 2082 580 2153 dant
601 2103 640 2150 ac
658 2096 798 2150 teneras.
821 2076 855 2147 si
880 2076 914 2148 in
934 2076 1106 2151 farciendo
1128 2079 1238 2153 nimio
1264 2082 1362 2180 cibo·
1379 2084 1470 2158 fasti·

496 2191 597 2280 diunt
608 2244 619 2278 ‚
638 2186 876 2259 remittendum
892 2185 929 2257 in
949 2189 1110 2275 datione,
1134 2215 1197 2286 pro
1211 2192 1409 2287 portione,
1434 2222 1468 2269 ac

494 2301 612 2373 decem
635 2297 751 2394 primis
773 2296 975 2418 proceffits
967 2323 1003 2369 m
1018 2298 1293 2394 posterioribus,
1311 2322 1350 2375 ut
1371 2306 1467 2378 dimi·

494 2427 576 2479 nuat
598 2407 712 2477 eadem
732 2405 887 2492 ratione,
909 2421 946 2475 ut
968 2405 1154 2477 vicesimus
1173 2407 1244 2479 dies
1271 2410 1313 2483 δι
1338 2412 1466 2508 primus

490 2519 533 2590 sit
558 2542 626 2611 par.
646 2515 775 2586 Eodem
800 2513 907 2585 modo
930 2513 1102 2609 palumbes
1124 2501 1296 2635 farciunt,
1323 2544 1366 2594 ac
1391 2524 1464 2596 red·

494 2629 578 2698 dunt
601 2625 1160 2721 pingues..

542 2737 589 2807 Χ.
608 2732 725 2804 Tranfi
737 2730 876 2828 ,inquit
898 2734 1043 2820 Ast,
1059 2758 1150 2809 nunc
1169 2733 1205 2807 in
1221 2732 1310 2811 illud
1335 2769 1463 2842 genum

490 2848 587 2948 quod
602 2871 666 2917 vos
685 2842 886 2942 philograeci
903 2845 1036 2918 vocatis
1053 2859 1205 2939 ἀμφίβιον,
1219 2853 1317 2943 quod
1333 2881 1409 2929 non
1422 2857 1464 2931 et

491 2959 560 3030 ulla
577 2955 658 3029 villa
673 2979 711 3027 ac
733 2973 818 3025 terra
839 2971 1060 3039 contentum,
1075 2955 1129 3024 sed
1145 2957 1290 3052 requirit
1305 2963 1463 3057 piscinas,

490 3070 528 3143 in
548 3067 671 3165 quibus
686 3065 744 3135 ubi
768 3065 898 3137 anseres
917 3065 1073 3153 aluntur,
1093 3066 1233 3138 nomine
1252 3086 1462 3165 xnvossomln

435 3219 441 3245 r
491 3174 679 3272 appellatis.
700 3175 831 3245 Horum
846 3198 961 3270 greges
976 3172 1094 3266 Scipio
1111 3174 1323 3252 Metellus&
1338 3183 1393 3254 Μ.
1411 3185 1462 3253 Se·

489 3285 543 3382 jus
555 3285 679 3356 habent
690 3306 830 3380 magnos
845 3283 987 3380 aliquot.
1004 3286 1184 3373 MERULA,
1200 3282 1316 3377 Seius,
1331 3287 1460 3388 inquit,

488 3397 534 3472 ita
547 3420 662 3496 greges
677 3395 891 3490 comparavit
903 3396 1073 3480 anserum,
1088 3413 1127 3465 ut
1136 3395 1200 3467 hos
1214 3396 1376 3494 quinq'ue
1391 3426 1460 3498 gra·

487 3509 550 3583 dus
564 3507 775 3592 observaret,
795 3529 883 3602 quos
897 3504 932 3574 in
951 3504 1082 3600 gallinis
1098 3504 1179 3578 dixi.
1198 3506 1242 3576 Hi
1256 3507 1339 3581 sunt
1352 3512 1396 3583 de
1410 3536 1460 3606 ge·

486 3645 587 3705 nere,
603 3620 644 3690 de
659 3616 802 3704 foetura,
818 3619 858 3688 de
874 3618 973 3700 ovis,
991 3617 1031 3688 de
1054 3617 1176 3711 pullis,
1190 3617 1231 3689 de
1246 3617 1376 3718 sagina.
1391 3623 1459 3696 Pri·

486 3755 581 3803 mum
603 3727 737 3821 jubebat
753 3726 886 3797 servum
910 3726 945 3796 in
967 3727 1109 3823 legendo
1124 3727 1339 3821 observare,
1353 3752 1395 3805 ut.
1410 3732 1457 3804 es·

485 3837 559 3910 sent
585 3836 686 3930 ampli
709 3838 744 3908 &
766 3833 858 3905 albi:
876 3835 969 3930 quod
989 3837 1188 3933 plerumque
1203 3837 1320 3963 pullos
1339 3840 1456 3914 similes

484 3944 532 4019 sui
547 3946 701 4021 faciunt..
725 3945 780 4018 Est
803 3945 892 4016 enim
909 3947 1048 4018 alterum
1071 3973 1175 4045 genus
1180 3975 1350 4065 varrum,
1365 3951 1454 4050 quod

485 4057 593 4133 ferum
618 4078 786 4149 vocatur,
803 4083 866 4134 nec
890 4083 968 4132 cum
981 4057 1024 4132 iis
1038 4034 1185 4132 libenter
1200 4079 1454 4165 congregatur,

826 4342 829 4350 ι
873 4299 885 4329 δ
