3509 5084
464 558 1091 635 Deueuusrlcantss.1.
1190 585 1258 656 141·
1353 516 1357 523 ¹

294 744 361 798 nus
376 722 497 820 sugunt
508 737 641 793 terram.
652 720 814 808 Dicetur,
828 719 938 817 inquit
955 725 1126 812 AGRIUS,
1140 722 1180 795 de
1193 741 1261 797 ter·

295 835 349 908 tio
364 836 493 931 gradu,
514 835 571 905 De
585 830 868 906 nutricationibus
877 886 890 921 ,
903 852 1005 930 atque
1018 832 1187 907 alimoniis
1201 859 1261 907 eo·

293 969 382 1017 rum.
403 942 707 1034 chlN1US,Quae
729 960 806 1012 nata
822 939 918 1027 sunt,
941 940 1072 1038 inquit,
1093 941 1128 1013 in
1149 940 1260 1014 fundo

294 1052 464 1134 alescunt‚
476 1052 589 1124 adulta
602 1050 820 1149 concipiunt,
833 1049 1042 1148 praegnantia
1060 1074 1138 1122 cum
1161 1049 1261 1140 sunt,

295 1177 424 1234 matura
446 1160 581 1256 pariunt
606 1184 729 1257 poma,
748 1179 805 1232 aut
824 1158 974 1255 spicam:
995 1160 1039 1234 fic
1062 1159 1136 1233 alia.
1155 1159 1262 1233 simile

295 1269 346 1356 ei,
360 1295 378 1341 a
391 1295 461 1366 quo
480 1268 690 1365 proseslum,
703 1266 792 1340 redit
806 1267 929 1339 semen.
948 1270 1062 1364 Itaque
1077 1267 1101 1339 fi
1118 1267 1263 1361 florem,

294 1381 502 1453 acerbumve
516 1381 647 1476 pirum,
662 1379 796 1452 aliudve
811 1377 893 1473 quid
912 1376 1133 1475 decerpseris,
1145 1381 1181 1452 in
1196 1406 1262 1454 eo·
1337 1404 1361 1489 χ

295 1491 373 1563 dem
386 1491 486 1580 loco,
500 1490 619 1562 eodem
633 1513 743 1579 anno,
760 1486 843 1559 nihil
858 1486 1057 1581 renascitur,
1070 1492 1164 1587 quod
1177 1517 1263 1588 prae·

295 1600 468 1696 gnationis
485 1600 572 1671 idern
588 1599 639 1672 bis
656 1598 779 1670 habere
795 1621 867 1668 non
890 1597 1009 1692 pote'll.
1030 1617 1066 1670 ut
1078 1599 1168 1688 enim
1182 1626 1262 1674 rnu-

292 1709 395 1783 licres
414 1710 539 1783 habent
553 1710 595 1782 ad
616 1726 748 1806 partum
765 1704 836 1780 dies
858 1724 991 1798 certos,
1005 1707 1048 1783 src
1068 1710 1206 1787 arbores
1220 1737 1261 1788 ac

294 1818 418 1915 fruges,
1207 1814 1213 1831 ’

345 1932 452 2006 XLV.
476 1929 625 2003 Primum
648 1927 847 2026 plerumque
868 1953 888 2000 e
913 1946 999 2000 terra
1025 1928 1097 2003 exit
1119 1931 1263 2004 ordeum

296 2036 414 2112 diebus
426 2061 506 2129 vn,
524 2063 588 2111 nec
603 2038 713 2112 multo
731 2034 808 2132 post
827 2034 990 2108 triticum.
1010 2037 1179 2133 legumina
1193 2038 1264 2112 sere
1320 2096 1324 2105 .

296 2147 500 2245 quatriduo,
523 2145 747 2242 autquinque
769 2145 908 2230 diebus,
933 2166 1155 2245 preterquam
1190 2151 1265 2224 aba.
1330 2210 1332 2215 .

297 2277 337 2326 ea
350 2253 441 2326 enirn
456 2254 559 2327 serius
573 2254 746 2350 aliquanto
760 2252 874 2349 prodit
889 2252 989 2352 seges
1004 2253 1108 2327 Osten
1186 2254 1278 2332 (1εηὶ

296 2362 455 2454 milium,
479 2366 517 2438 δι
540 2361 682 2454 sesama,
701 2366 738 2438 δι
761 2381 870 2437 cetera
895 2362 1044 2437 similiter
1069 2366 1172 2485 arguis
1194 2368 1266 2443 fere

298 2474 436 2560 diebus,
452 2494 672 2571 praeterquam
688 2474 712 2545 sr
725 2474 808 2573 quid
823 2474 936 2571 regio,
948 2477 1197 2571 auttempestas
1212 2480 1264 2552 vi·
1278 2532 1283 2543 .
1356 2553 1365 2568 ,

297 2585 339 2657 rii
362 2585 493 2671 attulit,
517 2609 588 2683 quo
614 2586 725 2657 minus
748 2585 793 2657 ita
820 2582 888 2658 siat.
910 2585 1002 2679 Quae
1026 2585 1062 2657 in
1086 2587 1264 2663 seminario

295 2713 396 2784 nata,
422 2693 446 2765 st
472 2694 548 2769 loca
572 2716 671 2768 erunt
694 2694 891 2794 frigidiora,
923 2720 1000 2791 quae
1023 2696 1121 2769 molli
1146 2718 1264 2775 natura

276 2803 397 2893 ,sunt,
411 2828 471 2899 per
490 2792 653 2877 brumalia
667 2823 821 2900 tempora
835 2822 946 2900 tegere
961 2823 1100 2899 oportet
1119 2805 1264 2900 fronde,
1381 2870 1383 2877 .

296 2931 358 2987 aut
378 2913 564 2985 stramentis
578 2914 625 2984 :sr
648 2932 746 2984 erunt
772 2911 896 2983 imbres
914 2911 1043 2997 secuti,
1060 2912 1264 3006 videndum,

298 3020 423 3093 necubi
437 3046 523 3115 aqua
543 3019 708 3092 consistat.
725 3042 896 3091 venenum
910 3020 1000 3092 enim
1010 3020 1125 3123 gelum
1139 3025 1264 3099 radici·
1337 3030 1339 3037 '
1444 3006 1447 3013 ¹

298 3124 516 3206 bus'renellis
539 3131 719 3222 subterra,
740 3134 778 3205 dc
799 3129 897 3226 supra
913 3131 1088 3230 virgultis,
1103 3161 1177 3235 quae
1201 3162 1265 3214 nec

300 3243 422 3315 eodem
437 3262 590 3339 tempore
611 3238 706 3340 aeque
724 3241 887 3318 crescunt.
908 3270 985 3319 nam
1004 3247 1137 3329 radices,
1147 3252 1266 3326 auslu·

299 3376 405 3438 rnno,
425 3372 484 3424 aut
500 3354 610 3427 hieme
628 3355 735 3453 magis
751 3354 809 3427 sub
826 3373 933 3447 terra,
946 3381 1046 3452 quarn
1064 3358 1167 3455 supra
1178 3361 1265 3435 ado·

299 3459 452 3547 lescunt,
469 3462 563 3556 quod
581 3466 675 3537 teclae
691 3484 789 3535 terrae
804 3480 925 3558 tepore
945 3488 1193 3564 propagantur,
1209 3472 1265 3543 su-

299 3596 361 3668 pra
378 3576 501 3641 terram
514 3595 590 3644 aere
610 3572 788 3670 frigidiore
805 3573 996 3671 tinguntur.
1018 3578 1122 3676 idque
1135 3580 1179 3652 ita
1199 3581 1264 3655 else

302 3684 429 3754 docent
450 3684 625 3773 srlveslria,
645 3688 686 3758 ad
711 3712 785 3783 quae
807 3685 897 3758 sator
922 3712 994 3759 non
1020 3692 1263 3767 accessit.'nam

278 3790 395 3886 prius
418 3792 568 3878 radices,
592 3820 693 3885 quam
717 3821 773 3881 ea,
795 3821 871 3893 quae
896 3820 936 3867 ex
956 3798 997 3869 iis
1020 3798 1128 3872 solent
1151 3802 1266 3891 nasci,

303 3896 466 3972 crescunt.
482 3927 590 3998 neque
602 3904 730 3975 radices
747 3905 884 4002 longius
896 3909 1104 4001 procedunt,
1118 3909 1177 3979 nisi
1191 3934 1264 4003 quo

304 4028 459 4106 ternpore
482 4014 575 4090 venit
591 4015 650 4089 sol.
672 4015 724 4091 his
737 4017 862 4114 duplex
877 4016 993 4126 causa,
1009 3998 1106 4118 qudd
1125 4022 1162 4096 δι
1176 4021 1264 4103 radi·
