3509 5084
671 560 1152 655 PRAEFArrn.
1299 602 1368 653 mr

409 738 528 826 fimus,
552 734 596 808 ita
626 733 767 807 minime
792 732 857 804 illis
881 731 1023 828 phaleris
1048 751 1198 807 ornatur.
1223 738 1262 808 Il.
1288 739 1369 811 Sen-

408 832 520 918 tenriae
549 843 695 917 audoris
724 841 808 936 saepe
828 839 1023 930 adversari,
1046 840 1104 913 vel
1126 842 1220 939 quod
1251 843 1369 927 distra-

410 955 506 1038 hunt,
525 977 604 1049 quae
621 949 804 1044 conjunda
823 947 1093 1040 essedebebant,
1113 950 1171 1025 vel
1191 952 1285 1048 quod
1306 954 1368 1027 vix

408 1078 533 1157 partem
550 1058 694 1154 aliquam
708 1055 875 1152 attingunt
890 1078 1013 1127 eorum
1025 1110 1035 1143 ,
1049 1081 1124 1154 quae
1138 1076 1251 1130 tamen
1273 1084 1368 1132 com·

292 1217 295 1220 >
405 1169 616 1267 prehendere
645 1164 801 1239 videntur
826 1165 955 1237 omnia.
982 1168 1037 1239 111.
1066 1167 1153 1258 Quae
1178 1167 1369 1255 tolerabilia

404 1278 502 1366 sunt,
517 1301 559 1348 ea
577 1273 645 1347 sere
658 1298 700 1347 ex
722 1273 871 1369 ipsorum
891 1274 1005 1345 verbis
1021 1276 1195 1348 audlorum
1215 1277 1388 1372 repetita,-

405 1409 467 1463 aut
487 1388 584 1485 plane
594 1411 637 1459 ex
654 1385 847 1457 lemmatum
863 1383 1005 1458 statione
1021 1386 1063 1457 ad
1078 1405 1276 1459 contextum
1292 1413 1369 1460 ora·

284 1513 287 1519 '
373 1542 375 1546 ·
408 1499 512 1573 tionis
533 1496 738 1569 revocanda
744 1493 817 1567 esse.
842 1495 931 1586 Quae
952 1519 1028 1567 curn
1046 1495 1092 1568 ita
1112 1495 1196 1586 srnt,
1219 1522 1289 1570 non
1312 1522 1372 1569 re·

407 1607 681 1711 prehendendum
695 1605 800 1678 credo
816 1604 995 1677 confilium
1011 1605 1277 1704 nostrum,quod
1291 1613 1369 1686 lca·

406 1718 511 1813 pitum
534 1706 674 1812 quidem
698 1711 923 1815 divifionem,
946 1737 963 1784 a
985 1713 1101 1808 primis
1124 1714 1204 1791 iude
1226 1716 1369 1789 editori-
1454 1792 1457 1797 ,

406 1828 468 1900 bus
485 1844 676 1920 acceptam,
694 1820 801 1919 qualis
819 1810 1038 1893 Commelino
1061 1823 1205 1918 placuit,
1220 1825 1367 1898 servavi·

409 1962 502 2009 mus:
521 1959 592 2007 non
614 1931 710 2031 quod
728 1956 765 2004 ea
782 1931 1049 2004 commodiffima
1067 1932 1106 2003 srt
1125 1934 1297 2025 omnium,
1312 1936 1369 2007 sed

410 2048 503 2144 quod
517 2046 557 2116 ad
570 2069 643 2117 eam
656 2043 728 2114 fere
740 2061 966 2137 provocatum
983 2043 1091 2117 adhuc
1114 2044 1186 2115 esl
1177 2069 1213 2116 ιη
1227 2045 1369 2120 sexcen-

408 2157 452 2227 tis
475 2154 581 2225 libris.
598 2177 707 2272 ‘quam
724 2150 771 2221 ob
792 2151 920 2223 causam
945 2174 1016 2221 non
1031 2137 1137 2246 posset
1161 2152 1229 2225 srne
1261 2153 1368 2225 lello·

412 2286 488 2334 rum
508 2258 627 2351 injuria
641 2257 761 2330 omitti.
775 2260 946 2338 Lemmata
962 2279 1073 2330 autem
1090 2282 1108 2328 a
1126 2256 1290 2332 contexto
1305 2286 1368 2332 au·

412 2368 515 2442 &oris
535 2368 631 2465 plane
652 2366 883 2456 removimus,
901 2366 926 2438 st
947 2391 1013 2462 qua
1037 2385 1147 2438 tamen
1174 2368 1216 2438 ad
1242 2391 1369 2464 corpus

408 2477 515 2603 ipsum
537 2475 706 2548 orationis
727 2474 894 2572 pertinere
919 2475 1137 2564 viderentur,
1158 2500 1197 2548 ea
1218 2500 1369 2550 revoca·

407 2611 518 2659 vrmus
533 2612 569 2657 rn
587 2585 763 2658 stationem
780 2583 882 2657 suam
901 2586 1009 2657 verbo
1016 2611 1179 2683 operam
1191 2587 1367 2678 dedrmus,
1408 2604 1413 2617 “

406 2717 462 2785 ut,
493 2711 658 2793 quantum
686 2691 757 2786 ejus
781 2692 854 2766 fieri
881 2694 1011 2791 posset,
1040 2695 1144 2789 prisca
1174 2695 1273 2771 facies
1303 2698 1368 2773 hac

404 2807 505 2878 etiarn
525 2821 618 2901 parte
634 2803 735 2874 bonis
751 2772 880 2876 rusticis
900 2802 1033 2876 rediret.
1048 2803 1207 2899 Denique
1226 2805 1370 2886 Ιειηωειι,

408 2935 439 2988 ta
454 2911 725 2988 Commeliniana
741 2909 961 3006 scriptoribus
981 2909 1240 3004 praeposuimus,
1261 2910 1370 2982 εοΙΙι-ι
1421 2921 1423 2927 ’

383 3040 441 3094 xta
461 3020 495 3092 in
510 3017 702 3112 Columella
719 3042 794 3090 cum
816 3016 990 3112 Lipsrenfis
1010 3014 1138 3089 codicis
1158 3015 1370 3090 lemmatibus

337 3127 340 3133 ’
411 3130 563 3227 iis,quae
588 3127 770 3200 undecimo
794 3126 916 3198 nollrae
931 3125 1120 3215 divisionis,
1148 3124 1234 3228 five,
1251 3147 1287 3198 ut
1311 3128 1370 3202 ille

411 3238 560 3309 librarius
580 3255 753 3323 numerat,
776 3235 980 3310 duodecimo
1003 3235 1090 3307 libro
1113 3225 1253 3329 subjesla
1275 3236 1371 3328 sunt,

413 3364 450 3415 ut
472 3348 525 3421 uel
543 3349 612 3420 hoc
631 3345 707 3418 solo
730 3346 934 3442 specimine,
954 3371 1028 3441 quae
1047 3345 1088 3416 de
1110 3344 1273 3418 varietate
1287 3346 1371 3422 letne

409 3473 539 3528 matum
558 3453 724 3542 diximus,
739 3453 994 3527 confirmentur.
1007 3454 1106 3525 Plura
1127 3454 1241 3549 paslirn
1256 3455 1369 3526 adno-

339 3643 341 3647 ,
407 3560 578 3652 tavimus,
590 3563 645 3637 hic
658 3585 730 3632 non
744 3559 933 3656 repetenda.
946 3560 1033 3633 Illud
1048 3559 1154 3633 solum
1169 3560 1263 3654 juvat
1278 3559 1371 3654 adje-

407 3672 503 3761 cisse,
520 3673 656 3745 Meursri
675 3673 740 3767 iras
762 3674 798 3747 &
821 3670 1025 3746 stomachum
1042 3672 1167 3746 bonam
1189 3690 1316 3768 partem
1334 3671 1371 3744 in

406 3783 610 3854 vulneribus
635 3781 761 3853 Catoni
792 3806 852 3878 per
875 3783 1030 3856 lemmata
1055 3782 1158 3863 illatis
1185 3780 1370 3875 occupari3
1444 3780 1455 3803 ⁸

406 3892 536 3965 Clarisl.
551 3891 772 3966 Pontederam
795 3917 854 3987 per
876 3911 987 3965 totum
1009 3895 1177 3966 Catonern
1197 3889 1232 3959 in
1254 3891 1370 3965 eadem

409 4000 569 4080 lemmata
582 3998 680 4075 crisin
693 3995 801 4071 sanam
818 4001 854 4072 dt
872 3997 1043 4074 salutarem
1056 3994 1296 4096 posterioribus
1310 3999 1371 4072 ad·

1107 4104 1172 4205 ἃς
