3509 5084
569 554 737 635 urus
764 512 1133 672 iussionem.
1159 564 1184 635 r.
1284 585 1351 668 ¹45

392 736 499 810 aqua,
517 716 554 787 δι
574 739 672 809 quam
691 712 888 785 breviffimo
909 714 1028 787 itinere
1047 733 1140 790 extra
1161 745 1269 792 aream
1289 725 1351 798 de·

389 821 496 893 sluere
517 820 626 916 poffit.
649 846 751 893 omne
775 845 882 915 porro
898 823 1128 897 brevissimum
1147 825 1182 899 in
1198 834 1349 909 rotundo
1380 898 1383 907 .

391 930 537 1019 emedio
552 931 593 1002 ad
603 931 824 1026 extremum.)
840 931 945 1003 solida
959 951 1046 1005 terra
1059 935 1227 1028 pavitam‚
1242 942 1352 1013 maxi-

391 1064 445 1110 me
466 1040 488 1109 sr
508 1038 554 1110 est
574 1038 707 1136 argilla,
731 1065 773 1113 ne
796 1039 876 1111 aestu
901 1040 1083 1136 paeminosa
1104 1043 1139 1114 in
1161 1045 1254 1119 rimis
1279 1047 1350 1144 ejus

389 1174 492 1244 grana
508 1145 727 1236 oblitescant,
738 1151 775 1222 &
788 1148 951 1240 recipiant
966 1172 1108 1245 aquam,
1122 1152 1159 1223 ὅ(
1172 1151 1255 1222 oslia
1269 1179 1352 1248 ape·

391 1256 476 1328 riant
504 1255 654 1326 muribus
678 1280 717 1327 ac
745 1253 909 1326 formicis.
936 1261 1051 1351 ltaque
1078 1283 1221 1357 amurca.
1241 1259 1352 1335 solent

371 1373 375 1384 '
389 1361 600 1460 perfundere.
614 1386 651 1434 ea
663 1362 751 1436 enim
765 1363 941 1435 herbarum
959 1364 1026 1453 [esl
1040 1352 1175 1439 inimica
1183 1373 1208 1455 ,]
1223 1369 1260 1440 &
1276 1368 1351 1440 fot·

389 1471 571 1552 micarum,
584 1471 622 1541 &
639 1472 800 1566 talparum
817 1494 997 1543 venenum.
1019 1472 1167 1564 Quidam
1181 1499 1291 1546 aream
1312 1495 1350 1551 ut

328 1619 331 1625 ·
389 1580 534 1651 habeant
548 1577 709 1665 solidani,
725 1578 881 1650 muniunt
895 1579 1021 1673 lapide,
1035 1581 1205 1653 autetiam
1221 1582 1352 1659 faciunt

388 1689 632 1785 pavimentum.
662 1689 833 1785 nonnulli·
848 1688 948 1760 etiam
974 1709 1091 1786 tegunt
1115 1716 1223 1782 areas,
1246 1715 1285 1766 ut
1312 1696 1350 1768 in

389 1797 588 1895 Bagiennis,
602 1800 696 1895 quod
711 1798 758 1870 ibi
772 1799 857 1892 saepe
870 1798 905 1869 id
919 1800 1082 1894 temporis
1094 1801 1174 1872 anni
1192 1803 1351 1878 oriuntur
1403 1848 1417 1875 ·
1454 1883 1456 1887 ,

389 1905 506 1978 nimbi.
527 1905 585 1978 ubi
604 1931 642 1978 ea
659 1906 801 1993 retedla,
818 1906 946 1979 &loca
963 1907 1090 1997 calida,
1111 1933 1220 2005 prope
1239 1912 1351 1988 areatn'

387 2015 581 2088 faciundum
603 2013 818 2101 umbracula,
840 2039 919 2113 quo
935 2015 1111 2090 succedant
1135 2019 1290 2096 homines
1312 2025 1350 2098 in

388 2125 467 2197 aestu
487 2144 641 2221 tempore
658 2113 857 2196 meridiano.
1334 2114 1337 2121 ’

437 2239 504 2308 Lll.
525 2238 614 2328 Quae
628 2234 715 2331 seges
734 2233 944 2331 grandissima
962 2253 1063 2338 atque
1079 2237 1209 2332 optima
1226 2240 1348 2335 suerit,

388 2345 534 2443 seorsum
553 2345 589 2418 in
607 2371 717 2417 aream
740 2344 863 2416 secerni
885 2365 1022 2439 oportet
1043 2345 1166 2441 spicas,
1180 2368 1216 2419 ut
1237 2350 1349 2425 semen
1406 2417 1408 2422 .

388 2456 558 2550 optimum
583 2456 711 2529 habeat.
738 2457 766 2525 E
789 2453 887 2550 spicis
909 2454 944 2525 in
968 2480 1077 2527 aream
1097 2458 1211 2528 excuti
1234 2467 1349 2556 grana.

388 2565 484 2659 quod
498 2563 537 2636 sit
551 2566 639 2658 apud
657 2565 741 2636 alios
760 2563 920 2657 jumentis
939 2562 1081 2656 jundis,
1095 2591 1134 2639 ac
1150 2554 1290 2651 tribulo.
1312 2568 1349 2643 id

388 2673 427 2748 fit
444 2700 463 2748 e
483 2674 592 2747 tabula
612 2675 778 2771 lapidibus
790 2686 875 2762 ,aut
896 2673 988 2744 ferro
1010 2674 1259 2773 asperatmquo
1280 2679 1346 2750 im·

389 2787 502 2882 posito
516 2786 646 2882 auriga,
662 2804 718 2858 aut
733 2786 884 2881 pondere
898 2784 1013 2883 grandi
1030 2787 1171 2858 trahitur
1188 2787 1348 2879 jumentis

387 2895 526 2992 junslis,
547 2914 584 2968 ut
606 2892 759 2966 discutiat
780 2917 798 2962 e
821 2892 922 2986 spica.
935 2917 1057 2986 grana:
1079 2911 1137 2963 aut
1160 2917 1202 2963 ex
1226 2895 1348 2970 affibus

389 3005 533 3079 dentatis
560 3028 637 3074 cum
664 2999 848 3086 orbiculis,
875 2999 969 3094 quod
998 3018 1126 3069 vocant
1155 2999 1348 3094 ploslellum

387 3114 575 3212 poenicum.
592 3112 629 3180 ln
651 3134 694 3180 eo
710 3103 927 3205 quisssedeat.
939 3126 1038 3200 atque
1055 3104 1174 3201 agitet,
1190 3133 1268 3203 quae
1280 3131 1348 3182 tra·

388 3226 489 3313 hant,
503 3221 673 3315 jumenta,
686 3235 722 3312 ut
736 3216 772 3289 in
786 3213 943 3310 Hispania
961 3214 1140 3315 citeriore,
1155 3217 1193 3287 δι
1205 3216 1277 3313 aliis
1293 3218 1349 3291 lo-

389 3333 438 3408 cis
452 3330 588 3401 faciunt.
608 3327 706 3423 Apud
725 3326 810 3399 alios
824 3330 986 3402 exteritur
999 3350 1098 3421 grege
1117 3322 1348 3418 jumentorum

388 3441 523 3522 inadlo,
538 3438 634 3509 &ibi
648 3437 773 3532 agitato
788 3433 945 3528 perticis,
960 3434 1055 3526 quod
1074 3435 1237 3544 ungulise
1258 3439 1348 3531 spica
1438 3447 1440 3451 ’

363 3616 377 3633 ,.
388 3567 586 3625 exteruntur
596 3570 709 3642 grana.
720 3545 759 3614 iis
774 3544 876 3628 tritis,
889 3561 1057 3636 oportete
1071 3560 1159 3634 terra
1174 3542 1348 3636 subjaelari

389 3662 509 3748 vallis,
523 3675 580 3730 aut
594 3653 812 3741 ventilabris,
825 3679 903 3727 curn
922 3673 1043 3742 ventus
1064 3653 1162 3748 spirat
1182 3655 1264 3727 lenis
1279 3659 1348 3732 :ita

390 3773 451 3860 sit,
465 3792 521 3859 ut,
531 3769 624 3867 quod
638 3766 840 3839 levissimum
855 3766 901 3838 est
914 3764 948 3836 in
964 3789 1029 3855 eo,
1041 3785 1142 3859 atque
1160 3769 1347 3867 appellatur
1398 3782 1401 3789 '

390 3905 489 3971 acue,
502 3897 687 3953 evannatur
704 3874 795 3947 foras
812 3895 906 3948 extra
927 3899 1109 3961 aream,ac
1122 3872 1344 3969 frumentum,

391 3990 487 4097 quod
499 3989 545 4061 est
557 3986 805 4092 ponderosum,
818 3983 1070 4079 purumveniat
1082 3983 1124 4056 ad
1139 3984 1287 4058 corbem.

459 4107 587 4199 Scripta
602 4107 645 4180 R.
661 4105 704 4182 R.
722 4105 794 4177 Vol.
806 4101 836 4176 1.
1140 4091 1177 4163 K
