3509 5084
800 370 826 429 l

385 542 412 597 ι
553 522 1240 597 ΙΟ.ΜΑΤΤΗ.6Ε3ΝΕΗΙ.

390 684 456 759 fine
477 681 578 769 libri,¹
590 680 648 776 qui
678 675 879 752 undecimus
907 679 1008 754 nobis
1032 681 1100 772 est,
1122 684 1154 756 se
1176 683 1238 760 illo
1263 688 1345 765 loco

390 794 526 867 omnium
555 794 700 862 libronun
719 791 853 886 suorum
877 819 1059 889 argumenta
1085 798 1264 898 ficbjeeiffe,
1292 829 1347 892 ut,

388 929 456 975 eum
478 927 524 972 res
546 897 712 1000 exegisset,
731 902 830 993 facile
860 903 979 994 reperiri
992 901 1101 998 poffle‚
1119 909 1196 998 quid
1214 910 1250 978 in
1268 939 1347 1004 quo·

384 1038 443 1106 que
459 1013 674 1104 querendum,
693 1006 726 1082 (r
743 1012 874 1106 qualiter
897 1013 1035 1104 quidque
1035 1011 1222 1102 faciendum
1233 1016 1290 1113 ste.
1308 1017 1348 1090 &

385 1119 487 1192 habet
508 1118 543 1190 in
561 1142 606 1191 eo
619 1114 703 1216 ipso·
718 1121 800 1194 loco
821 1118 974 1191 lemmata
988 1120 1160 1215 Lipfienfis
1174 1123 1292 1194 Codex
1310 1129 1349 1199 &

386 1227 590 1322 Goesranus‚
613 1256 677 1306 nec
696 1229 762 1328 ipsa
779 1247 889 1299 tamen
906 1227 1050 1300 multum
1071 1230 1169 1304 editis
1187 1231 1347 1321 meliora,

388 1359 447 1412 aut
472 1340 572 1430 talia,
603 1339 715 1438 qualia
739 1361 757 1407 a
781 1331 974 1407 Columella
1002 1334 1123 1433 scripta
1145 1336 1218 1431 jure
1242 1358 1347 1436 putes.

388 1448 489 1543 Quin
499 1443 661 1522 Martialis
672 1441 868 1539 quibusdam
880 1439 1186 1538 epigrammatibus,
1199 1472 1232 1519 v.
1243 1472 1274 1544 g.
1285 1449 1349 1520 Xe⁴

388 1560 473 1647 niis,
487 1559 665 1636 nifirnmen
678 1549 855 1647 enigmata
867 1550 980 1624 voluit
995 1552 1154 1646 scribere,
1169 1555 1348 1652 plerisque,

388 1664 538 1762 apposrta
551 1661 705 1734 lemmata
720 1657 831 1741 soille,
848 1684 913 1733 nec
928 1660 1023 1733 aliter
1036 1655 1198 1758 porpirio,
1212 1690 1263 1737 res
1278 1665 1348 1762 ipsa

386 1773 551 1872 loquitur.
572 1770 647 1844 Alia
668 1770 808 1866 quaestio
834 1771 902 1862 est,
927 1795 1038 1845 utrum
1061 1799 1122 1863 ea,
1146 1801 1221 1873 quae
1243 1777 1348 1850 habe·

386 1909 479 1974 mus,
496 1881 559 1954 lint
577 1880 762 1968 Martialis,
777 1882 874 1976 quod
895 1884 936 1956 de
953 1900 1031 1957 roto
1051 1883 1121 1958 hoc
1140 1909 1266 1982 genere⁸
1280 1911 1349 1958 me·

385 1992 454 2066 rito
475 2007 572 2088 negat
587 1989 737 2063 Sanllius
754 1989 919 2064 Minervae
937 2019 970 2089 ς,
997 2018 1050 2082 14,
1073 2016 1107 2089 p.
1127 2018 1204 2090 507.
1219 1995 1283 2067 Sed
1305 1994 1349 2066 il·
1404 1988 1406 1993 ’

385 2101 446 2174 lud
467 2100 566 2195 plane
581 2098 750 2171 diversum
770 2098 961 2197 scriptionis
979 2126 1084 2200 genus
1101 2103 1168 2194 eli,
1189 2104 1226 2177 &
1248 2131 1267 2176 a
1286 2129 1351 2177 no·

385 2206 642 2305 stropropolito
658 2206 816 2283 alienum.
936 2252 938 2257 ·
979 2253 981 2256 -

435 2321 549 2395 XXll.
565 2319 621 2392 De
636 2315 758 2389 nollris
779 2318 863 2390 illud
882 2317 1082 2388 tenendumt
1096 2316 1261 2390 Varronis
1275 2316 1351 2413 qui-

388 2431 464 2505 dem
478 2435 517 2504 &
533 2425 733 2501 Columella
748 2425 853 2499 libros
871 2423 918 2496 ita
932 2424 1017 2496 inter
1036 2422 1067 2496 se
1096 2427 1293 2508 cohaerere,
1314 2444 1352 2497 ut

389 2539 511 2612 divifio
533 2536 567 2608 in
589 2534 722 2632 capita,
736 2559 811 2630 quae
830 2559 923 2608 nunc
945 2535 1102 2624 habetur,
1122 2535 1220 2630 plano
1236 2537 1352 2608 nullo·
1454 2562 1457 2567 ·

387 2674 463 2723 rum
480 2645 625 2720 confilio
638 2663 809 2742 repugnet.
819 2645 998 2718 Tellantur
1013 2649 1079 2719 hoc
1091 2635 1157 2740 'ipfi
1175 2646 1275 2718 etiarn
1288 2672 1352 2719 an·

387 2756 670 2857 tiquiffimi‘libri,
683 2755 815 2854 qualem
831 2757 994 2832 Varronis
1009 2782 1081 2830 non
1094 2755 1162 2854 ipse
1174 2759 1280 2832 modo
1290 2759 1353 2830 Vi·

389 2867 515 2943 &orius
532 2866 703 2963 uallauit,
717 2864 772 2939 sed
787 2865 866 2937 item
880 2866 979 2939 etiam
997 2867 1039 2938 de
1051 2891 1095 2938 eo
1108 2866 1267 2955 ostendit,
1281 2889 1352 2963 quo

388 2974 523 3049 Nonius
548 2975 624 3047 usus
648 2973 705 3047 est.
729 2972 808 3045 vide
835 2973 930 3046 illum
958 2975 994 3046 in
1015 2973 1089 3072 ipso
1115 2967 1353 3072 explicationis

389 3086 521 3159 suarum
535 3085 570 3156 in
581 3088 771 3156 Varronem
787 3082 1043 3183 colligationum
1058 3075 1242 3180 principio,
1257 3083 1354 3156 irem·
1413 3152 1421 3163 ,

389 3219 457 3292 que
478 3194 520 3266 ad
545 3220 575 3280 1,
593 3198 654 3282 60,
682 3219 709 3265 r.
727 3217 826 3289 quern
849 3194 1052 3290 'compilavit
1073 3192 1136 3266 suo
1152 3218 1247 3265 more
1260 3197 1354 3288 Pop·

388 3329 444 3376 ma
462 3305 504 3376 ad
517 3307 615 3376 Varr.
635 3326 676 3397 3,
694 3329 750 3398 17,
766 3329 798 3400 9⁶
815 3304 857 3373 Et
875 3327 946 3399 quo
960 3302 1101 3400 quisque
1119 3302 1292 3402 antiquior
1306 3302 1354 3374 est

389 3414 589 3491 Columellae
608 3413 714 3503 liber,
730 3437 774 3486 eo
796 3412 906 3485 minus
932 3414 1115 3510 discerptus
1139 3411 1205 3500 est,
1225 3436 1269 3483 eo
1293 3411 1356 3483 mi·

390 3549 455 3599 nus
479 3524 579 3596 habet
611 3523 814 3613 lemmatum.
845 3522 1013 3595 Palladius
1045 3545 1130 3593 vero
1159 3519 1195 3592 iu
1224 3526 1354 3608 titulos,

391 3660 479 3735 quos
500 3631 569 3728 ipse
589 3650 715 3718 vocat,
730 3656 818 3727 opus
840 3621 933 3702 snum
952 3629 1177 3719 distribuimlr
1199 3628 1258 3725 ipsr
1279 3651 1354 3698 cre-

391 3746 502 3819 dimus
518 3742 594 3815 ou.
618 3767 672 3828 ra,
693 3766 734 3837 9:
756 3765 874 3811 verum
897 3740 963 3826 ita,
982 3739 1130 3834 opinor,
1148 3756 1184 3808 ut
1206 3760 1277 3806 non
1298 3734 1354 3807 in·

390 3870 584 3948 terponeret
603 3849 758 3921 lemmata
771 3848 813 3919 ab
832 3846 999 3920 orationis
1014 3846 1096 3918 serie
1116 3837 1280 3935 sejun&a‚
1299 3842 1354 3915 sed
1381 3897 1384 3906 .

388 3960 508 4054 primis
518 3957 588 4033 fere
603 3953 693 4032 tituli
706 3952 864 4053 cujusque
881 3951 998 4032 verbis
1010 3951 1175 4028 indicaret
1191 3947 1283 4024 illius
1297 3975 1353 4024 ar·
