3509 5084
664 672 667 677 ι
693 591 730 655 V
749 587 769 654 t
792 587 822 656 T
841 591 888 659 A.
918 544 921 550 .
1130 609 1286 672 §.xxxin

377 755 430 825 Eo
444 734 515 838 iam
524 748 620 840 sene,
636 746 731 842 legati
749 747 984 847 Atheniensium
1009 753 1147 824 Romam
1170 764 1290 831 adven·

329 885 456 945 terunt,
476 862 651 930 Carneades
665 862 903 944 Academicus,
921 856 954 930 fr
969 863 1149 959 Diogenes,
1164 875 1290 949 Stoicus

323 976 418 1072 philo
433 973 531 1064 ophus
544 1019 554 1054 ,
568 969 720 1066 petitum,
734 991 770 1037 ue
784 967 909 1053 judicio
924 971 1137 1061 sublevaretur
1151 988 1291 1072 populus

329 1078 532 1179 Arheuicnsts
544 1128 554 1158 .
568 1105 626 1172 quo
642 1076 763 1148 indie‘la
784 1077 878 1170 causa
895 1082 1094 1154 condcrhnato
1104 1136 1116 1172 ,
1126 1090 1290 1189 postam

329 1196 414 1268 tibus
431 1192 562 1282 Oropit's
576 1183 607 1258 Gt
622 1191 647 1257 S
649 1187 785 1280 icyonils
789 1187 975 1276 judicibus,
988 1195 1029 1265 lis
1041 1193 1190 1293 estimato
1201 1201 1294 1291 quin·

327 1308 433 1402 gentis
458 1300 583 1373 talentis
601 1295 718 1388 suerat.
746 1301 820 1370 Hos
846 1301 930 1371 illico
947 1300 1161 1402 studlofifflmi
1184 1312 1294 1403 quiquo

301 1482 307 1488 .
331 1413 536 1506 adolescentes
559 1413 710 1487 adibant,
719 1410 949 1502 frequentesque
976 1417 1146 1485 audiebant
1169 1414 1293 1490 &cele-

334 1525 478 1615 brabauu
501 1523 671 1615 Carneadis
690 1523 773 1612 lepos
789 1524 939 1611 praecipue
950 1572 960 1605 ,
973 1520 1063 1609 cujus
1083 1551 1202 1620 magna
1221 1535 1295 1621 uis,

272 1622 275 1631 ¹
333 1631 371 1706 ἃ
383 1660 418 1703 ea
438 1634 472 1703 ri
481 1656 545 1702 non
558 1625 691 1718 inserius
710 1653 773 1699 erat
784 1657 915 1719 nomen,
932 1658 1001 1703 cum
1014 1628 1147 1731 infigeret
1160 1633 1194 1708 le
1207 1645 1293 1714 berei.

329 1773 412 1846 qnos
423 1747 581 1818 auditores
591 1737 773 1838 attrauiffet,
783 1741 884 1842 instar
893 1747 976 1815 venti
988 1747 1199 1838 urbemsruitu
1211 1779 1296 1824 cone·

329 1856 454 1954 plevit,·
474 1859 692 1950 vulgatumque
706 1851 795 1941 suit,
811 1853 912 1924 virum
936 1856 1075 1927 Gratum
1083 1848 1097 1943 ,¹
1106 1864 1155 1939 ad
1164 1865 1299 1936 miraeu-

337 1971 401 2039 lum
422 1965 514 2059 usque
526 1966 700 2048 eximium,
713 1964 822 2031 omnia
835 1962 1029 2035 delinientem
1045 1962 1078 2037 ἃ
1094 1964 1297 2063 allicientem,
1387 2050 1390 2065 ¹

338 2084 452 2152 mirum
472 2070 618 2172 insuaiffe
626 2073 789 2162 juventuti
815 2076 975 2162 ardorem,
990 2101 1146 2169 perquem
1160 2088 1298 2176 reliqua·
1413 2154 1424 2183 x

341 2215 411 2259 rum
431 2189 622 2276 uoluptatum
643 2179 677 2252 fe
700 2183 980 2258 ohlcs‘hamentorum
1005 2186 1113 2270 obliti,
1131 2192 1225 2288 quast
1235 2193 1300 2282 fu.
1424 2184 1428 2197 '

344 2321 410 2370 rore
422 2295 556 2386 quodam
572 2291 690 2390 acccnst
704 2314 880 2383 raperentur
893 2294 939 2361 ad
950 2292 1196 2384 philosophiam.
1223 2303 1301 2372 Cum

343 2433 380 2477 ta
393 2430 439 2474 res
452 2403 552 2474 ceteris
561 2410 696 2496 placeret
715 2403 895 2489 Romanis,
906 2426 994 2496 atquc
1008 2404 1244 2497 adolescentiam
1253 2414 1302 2481 ‘li-

342 2519 444 2588 benter
455 2514 586 2585 uiderent
598 2515 696 2583 literis
706 2511 823 2582 Gratis
837 2516 937 2582 imbui
950 2509 982 2584 le
996 2518 1211 2590 excellentibus
1222 2523 1303 2596 viris

343 2627 391 2697 uti
402 2674 415 2711 ,
438 2625 515 2694 Cato
531 2647 553 2690 u
567 2622 695 2712 primo,
715 2622 770 2690 uhi
788 2621 923 2720 influxit
942 2625 977 2692 in
997 2626 1098 2695 urbem
1124 2627 1302 2704 Gruterum

343 2735 576 2828 disciplinarum
602 2731 797 2816 admiratio,
807 2731 1091 2831 stomachabatur:
1112 2739 1248 2830 ventus,
1264 2768 1305 2815 ne

337 2844 491 2934 juventus
510 2867 544 2910 eo
561 2862 738 2910 converteret
746 2839 916 2940 studium,
935 2865 1024 2933 aeque
1041 2847 1217 2933 eloquentie
1232 2846 1313 2940 glo..

346 2960 425 3030 riam
439 2956 528 3024 rebus
543 2953 682 3046 gerendis
698 2946 730 3025 Cr
742 2949 915 3042 disciplina
931 2951 1065 3019 militari
1076 2951 1245 3042 anteferret.
1259 2960 1307 3034 Ue

348 3094 413 3142 tera
430 3070 466 3138 ιἰι
486 3068 557 3135 urhe
570 3089 682 3135 nomen
703 3060 832 3133 increuit
850 3061 958 3131 horum
976 3059 1251 3157 philosophorum,
1267 3096 1313 3146 ao

344 3165 464 3272 primas
479 3178 636 3247 orationes
652 3199 753 3245 earum
768 3178 871 3246 clarus
890 3173 960 3260 uir,
976 3175 1010 3243 C.
1032 3172 1204 3266 Aquilius,
1217 3207 1307 3274 cum,

351 3287 388 3357 id
408 3281 504 3380 officii
515 3307 551 3354 ut
564 3283 737 3383 prestaret,
750 3285 841 3353 enixe
855 3276 1032 3383 postulaset
1049 3280 1131 3373 ipse,
1144 3286 1180 3354 in
1190 3289 1309 3379 senatu

351 3395 394 3496 est
416 3396 626 3483 interpretatus
636 3420 653 3476 ,·
673 3390 812 3481 censuit,
826 3416 934 3461 omnes
949 3391 1152 3484 philosophos
1174 3400 1214 3464 ab
1237 3403 1309 3474 urhe

351 3503 476 3604 honesta
484 3502 587 3594 specie
599 3503 816 3593 ablegandos:
840 3522 931 3590 arque
946 3524 1014 3568 cum
1032 3497 1203 3599 emiserim
1231 3534 1310 3578 ena·

352 3636 442 3696 tum,
467 3613 626 3705 incusavit
644 3609 860 3712 magistratus,
880 3613 964 3701 quod
981 3611 1095 3705 legati,
1109 3617 1163 3706 qui
1178 3617 1311 3707 persua-

351 3724 418 3792 dere
430 3717 532 3809 sectile
549 3721 676 3811 quidvis
696 3722 853 3807 ualerent,
867 3722 923 3789 diu
941 3719 1087 3818 illieszne
1105 3721 1248 3816 responso
1257 3725 1311 3816 so.

353 3833 464 3900 dorent.
485 3831 594 3922 Quare
600 3828 702 3921 primo
717 3853 833 3921 quoque
847 3853 978 3923 tempore
995 3832 1121 3923 aliquid
1132 3825 1184 3924 effi
1197 3833 1312 3924 conficit

354 3943 560 4036 delegatione
574 3942 774 4040 statuendum
801 3935 834 4010 δ’
857 3944 1096 4024 decernendum,
1109 3943 1194 4030 quod
1211 3943 1245 4012 hi
1269 3953 1315 4022 ad

354 4054 444 4123 ludos
462 4053 613 4132 liturarios
633 4049 768 4150 regreffi,
781 4055 869 4147 apud
894 4051 1069 4123 Graecorum
1082 4048 1175 4137 filios
1196 4049 1338 4156 diffisos
1450 4063 1455 4070 ’

937 4177 941 4184 ’
1062 4155 1151 4255 fu„
