3509 5084
356 494 517 622 '⁷⁶8
617 483 1319 685 mpogtcruscrssro

467 705 593 780 Oleam
608 729 650 775 ne
670 699 845 800 stringito,
860 688 950 772 ndve
971 699 1154 773 verberato
1168 699 1291 796 injussu
1308 703 1442 782 domini

363 815 365 821 ’
467 839 526 894 aut
546 817 703 891 custodis.
721 812 932 887 Siedversus
951 838 990 884 ea
1005 811 1089 909 quie
1106 813 1246 907 fecerit,
1264 821 1359 916 quod
1371 821 1441 917 ipse

466 954 512 1002 eo
534 929 588 998 die
609 922 792 1022 delegerit,
811 943 875 1017 pro
900 945 943 1019 eu
968 944 1071 992 nemo
1096 921 1230 1012 solvet,
1246 950 1357 1022 neque
1379 929 1442 1001 de-

465 1038 613 1114 bebitur.
631 1033 753 1107 Oleum
768 1031 827 1129 qui
849 1030 1014 1126 legerint,
1029 1054 1150 1103 omnes
1163 1029 1299 1125 juranto
1317 1038 1358 1110 ad
1373 1038 1442 1111 do·

445 1141 622 1236 minum,
644 1164 701 1216 aut
727 1141 770 1214 ad
795 1139 969 1214 custodem
984 1138 1086 1228 „sese
1106 1140 1218 1214 oleam
1244 1169 1314 1217 non
1337 1145 1442 1220 surri-

463 1256 591 1358 puisse,
618 1274 955 1350 neque,quemquam
976 1247 1038 1321 suo
1053 1248 1139 1357 dolo
1162 1251 1276 1341 malo,
1290 1278 1327 1327 ea
1348 1256 1440 1334 olei-

463 1389 533 1447 tate
550 1393 594 1441 ex
614 1365 724 1437 fundo
745 1365 782 1435 L.
804 1362 936 1436 Manlii.
957 1359 1030 1452 Qui
1046 1384 1166 1434 eorum
1190 1388 1263 1436 non
1283 1365 1329 1439 ita
1344 1365 1442 1462 jura·

345 1534 348 1540 .
462 1483 580 1566 verit,
601 1477 697 1576 quod
720 1475 748 1547 is
768 1473 887 1571 legerit
908 1497 1031 1562 omne,
1045 1497 1110 1568 pro
1129 1497 1172 1546 eo
1187 1499 1362 1572 argentum
1379 1505 1441 1552 ne·
1485 1496 1490 1501 ’

354 1600 358 1609 ’
463 1621 525 1670 mo
540 1592 652 1677 dabit,
668 1609 779 1682 neque
799 1583 986 1661 debebitur.
1014 1584 1125 1656 oleam
1138 1585 1216 1682 cogi
1232 1588 1321 1661 redte
1335 1591 1354 1677 ‚'
1364 1590 1439 1667 saris

460 1708 552 1779 dato>
567 1697 729 1772 arbitratu
744 1697 783 1768 L.
799 1693 932 1767 Manlii.
955 1694 1060 1766 Scalae
1075 1694 1120 1768 ita
1142 1696 1191 1767 uri
1212 1698 1298 1770 datae
1315 1722 1438 1796 erunt,
1466 1712 1472 1717 “

461 1816 509 1892 ita
529 1798 686 1895 reddito,
708 1804 769 1876 nifi
791 1829 866 1902 quae
883 1803 1049 1876 vetustate
1063 1802 1175 1876 fradre
1191 1827 1303 1885 erunt.
1317 1810 1351 1884 si
1365 1838 1437 1886 non

369 2004 372 2009 4
461 1939 587 2007 erum,
611 1916 728 1989 reddet
754 1933 889 2010 aequas,
911 1931 969 1983 aut
997 1911 1161 1984 arbitratu
1181 1916 1377 1993 deducetur.
1402 1921 1438 1997 si

360 2015 365 2025 ’
461 2030 545 2131 quid
567 2021 767 2099 redemtoris
789 2039 895 2118 opera
914 2018 1059 2101 domino
1082 2020 1196 2094 damni
1214 2027 1327 2100 datum
1351 2029 1436 2120 erit,

404 2185 407 2191 ·
461 2136 640 2216 resolvite.
664 2133 701 2205 Id
726 2131 793 2204 viri
819 2128 903 2203 boni
925 2129 1086 2203 arbitratu
1106 2133 1304 2209 deducetur.
1322 2141 1435 2237 Legu·
1511 2223 1515 2230 ‚

459 2252 537 2337 los,
552 2263 639 2344 quot
652 2268 740 2346 opus
751 2259 863 2332 erunt,
878 2241 1053 2338 praebeto,
1066 2245 1103 2317 δι
1119 2241 1297 2322 stridores.
1309 2249 1345 2320 Si
1363 2276 1435 2323 non

460 2356 669 2461 praebuerit,
697 2355 816 2454 quanti
845 2356 1054 2428 condudum
1082 2355 1172 2461 erit,
1199 2383 1256 2433 aut
1283 2361 1436 2438 locatum

460 2472 549 2557 erit,
569 2467 765 2539 deducetur.
789 2483 886 2538 tanto
909 2463 1020 2536 minus
1042 2465 1309 2543 debebitur.‘De
1324 2471 1435 2547 fundo
1461 2526 1464 2533 -

408 2620 411 2624 >
460 2563 553 2678 ligia
567 2580 604 2650 &
625 2574 735 2647 oleam
750 2599 793 2647 ne
808 2576 1001 2672 deportatti.
1014 2577 1086 2670 Qui
1098 2577 1209 2652 oleam
1227 2579 1365 2678 legerit,
1377 2585 1438 2681 qui

418 2751 424 2767 ,
459 2682 651 2784 deportarit
665 2736 675 2772 ‚
691 2681 726 2754 in
748 2681 893 2779 fingulas
917 2684 1173 2782 deportati'oues
1186 2709 1235 2762 ss,
1248 2710 1285 2760 N.
1307 2711 1352 2764 11.
1374 2693 1438 2766 de-

458 2794 652 2903 ducentur,
670 2817 779 2891 neque
799 2794 833 2866 id
851 2794 1040 2870 debebitur.
1065 2797 1215 2870 Omnem
1230 2798 1340 2871 oleam
1365 2827 1437 2898 pu·

459 2933 534 2987 ram
567 2904 726 2978 metietur
759 2903 880 2977 modio
913 2903 1055 2979 oleario.
1088 2905 1233 2980 affiduos
1273 2907 1438 2987 homines

459 3011 706 3117 qdinquagima
721 3015 898 3111 praebeto,
917 3015 999 3088 duas
1014 3012 1124 3112 partes
1141 3015 1330 3092 stridorum
1347 3046 1436 3117 prae·

459 3129 554 3202 beto.
573 3126 626 3194 Ne
646 3123 720 3221 quis
740 3123 927 3213 concedat,
945 3147 1017 3222 quo
1037 3124 1115 3198 olea
1133 3125 1286 3223 ·legunda
1311 3124 1353 3200 δι”
1381 3127 1435 3204 fa·

382 3286 385 3289 -
458 3234 584 3313 ciunda
608 3234 715 3306 carius
730 3233 874 3307 locetur.
894 3253 988 3331 ettra
1015 3254 1117 3330 quam
1138 3234 1162 3305 sr
1183 3246 1283 3332 quem
1299 3236 1432 3312 socium

459 3345 761 3444 impraesentiarum
786 3333 920 3416 dixerit.
935 3342 970 3415 Si
984 3342 1058 3440 quis
1080 3337 1259 3419 adversum
1282 3373 1319 3423 ea
1342 3350 1433 3423 fece-t

393 3524 395 3528 ,
459 3458 525 3546 rit,
541 3457 562 3529 sr
581 3457 739 3528 dominus
755 3474 812 3529 aut
827 3455 939 3542 exustos
956 3453 1095 3545 volent,
1113 3453 1226 3550 jurent
1241 3483 1361 3532 omnes
1378 3460 1432 3531 so·
1486 3527 1494 3545 ,

385 3592 389 3601 “
457 3569 517 3646 cii.
537 3567 573 3640 Si
591 3592 661 3656 nou
686 3567 732 3639 ita
748 3566 955 3661 juraverint,
980 3591 1044 3662 pro
1065 3589 1103 3637 ea
1127 3566 1204 3642 olea
1223 3568 1365 3667 legunda
1391 3572 1431 3645 &
1479 3620 1482 3626 -

267 3752 270 3766 ι
339 3774 341 3779 Ι
433 3716 437 3722 ’
457 3678 618 3753 faciunda
640 3702 741 3749 nemo
763 3676 881 3766 dabit,
900 3683 1011 3772 neque
1026 3675 1202 3771 debebitur
1220 3679 1269 3765 ei,
1283 3681 1343 3775 qui
1357 3705 1431 3752 nort

457 3788 503 3865 ita
525 3790 701 3883 iuraverit.
720 3788 937 3863 Accerfiones
956 3787 991 3856 in
1003 3785 1038 3867 ἶ,
1052 3819 1088 3858 00
1111 3807 1179 3870 ⁴cc.
1198 3793 1327 3865 accedit
1343 3792 1430 3885 tileae

458 3892 595 3986 satsae'ss.
617 3928 658 3977 v.
681 3901 748 3972 olei
771 3900 844 3994 puri
867 3921 899 3970 Ρ.
923 3921 979 3987 lx.
1007 3900 1042 3970 in
1065 3918 1138 3972 tuta
1158 3901 1297 3973 oleitare
1320 3915 1368 3974 s's.
1392 3929 1428 3977 v.
1502 3923 1505 3927 “

442 4015 544 4087 'aceti
561 4011 789 4114 quadra'utalia
807 4034 846 4087 v.
867 4012 980 4106 Quod
995 4013 1080 4088 oleae
1094 4011 1268 4114 salsaeflnon
1286 4039 1429 4112 accepe·
1485 4014 1488 4019 ⁴
