3509 5084
511 609 513 611 >
545 583 621 657 un
647 583 714 655 aa
740 537 1117 687 austicn'un.
1144 588 1200 660 nt.
1284 614 1373 663 2212
1426 696 1429 706 ἱ

390 739 585 830 senescunt,
600 767 669 837 quo
690 742 798 814 libero
819 768 894 815 aete
916 769 992 836 cunt
1016 743 1161 816 exierint
1182 744 1216 814 in
1236 768 1356 844 agros,

390 851 671 947 redintegrentur.
685 851 787 924 ultera
798 853 838 925 de
848 852 943 924 causa
955 873 1095 948 propter
1105 853 1258 925 illiciunt.
1275 855 1356 949 ipsae

390 959 481 1030 enim
500 981 640 1055 propter
653 960 785 1057 pullos,
799 987 886 1059 quos
901 962 1048 1052 habent,
1063 963 1181 1060 utique
1195 964 1357 1053 redeunt,

390 1069 451 1141 nisi
473 1094 492 1140 a
516 1095 631 1143 corvo
652 1072 796 1160 occisae,
821 1094 879 1145 aut
903 1073 945 1144 ab
965 1074 1125 1167 accipitre
1150 1075 1358 1169 interceptae.

389 1181 493 1271 Quos
515 1181 717 1260 columbarii
739 1179 930 1255 interficere
948 1182 1079 1269 solent,
1098 1183 1225 1255 duabus
1251 1183 1357 1280 virgis
1436 1189 1452 1215 '⁴

389 1287 526 1361 viscatis
540 1287 658 1360 defixis
673 1289 866 1378 interram,
880 1291 967 1362 inter
982 1291 1014 1361 se
1031 1293 1200 1380 curvatis,
1215 1317 1291 1366 curn
1304 1294 1358 1364 in·

389 1412 441 1468 ter
459 1422 512 1469 eas
535 1397 708 1493 posuerint
729 1399 913 1495 obligatum
929 1399 1074 1489 animal,
1092 1402 1187 1497 quod
1201 1403 1281 1474 item
1295 1426 1358 1497 pe·
1406 1417 1410 1425 '

388 1524 461 1577 tere
484 1506 612 1580 soleant
624 1509 822 1602 accipitres,
836 1509 896 1606 qui
917 1509 963 1580 ita
982 1510 1217 1606 decipiuntur,
1233 1537 1309 1584 cum
1325 1510 1359 1610 se
1376 1494 1386 1543 '¹

389 1617 597 1690 obleverunt
615 1618 723 1691 visco.
737 1621 926 1693 Columbas
941 1622 1050 1708 redire
1065 1621 1171 1696 solere
1185 1625 1226 1694 ad
1241 1624 1358 1703 locum

388 1724 468 1798 licet
491 1729 779 1819 animadvertere,
797 1731 892 1827 quod
912 1730 1008 1803 multi
1034 1731 1068 1803 in
1091 1732 1224 1803 theatro
1246 1756 1264 1802 e
1285 1732 1359 1803 sinu

388 1839 496 1911 missas
514 1840 663 1930 faciunt,
681 1848 802 1939 [atque
814 1842 858 1912 ad
879 1842 994 1914 locum
1010 1843 1283 1941 redeunt:]quae
1297 1841 1358 1915 nist
1427 1904 1430 1909 4

389 1967 664 2037 reverterentur,
683 1973 754 2019 non
779 1948 1020 2022 emitterentur.
1047 1951 1153 2028 Cibus
1176 1949 1360 2045 apponitur

390 2059 519 2132 circum
542 2054 685 2154 parietes
704 2059 739 2130 ib
763 2061 959 2148 canalibus,
974 2086 1055 2156 quas
1076 2061 1281 2133 extrinsecus
1300 2084 1360 2154 pet
1414 2117 1416 2120 -

390 2165 515 2239 fistulas
531 2167 698 2264 supplent.
721 2169 940 2241 Deleslantur
955 2169 1073 2260 milio,
1087 2169 1361 2257 tritico,0rdeo‚
1405 2219 1407 2223 ι
1469 2163 1473 2171 ’

392 2277 485 2375 piso,
501 2277 656 2368 faseolis‚
673 2305 767 2354 ervo.
788 2287 868 2352 ltem
892 2281 977 2354 seras
993 2282 1052 2354 has
1075 2282 1111 2355 in
1131 2279 1299 2369 turribus,
1320 2302 1361 2351 ac
1448 2311 1451 2317 ¹

392 2387 530 2485 suntmis
566 2388 679 2478 villis,
712 2390 771 2488 qui
805 2391 955 2480 habent,
983 2392 1125 2488 agrestes
1158 2388 1361 2477 columbaS,

391 2497 505 2591 quoad
530 2496 666 2592 possunt
691 2496 941 2570 immittendum
952 2498 999 2568 in
1025 2511 1237 2594 neprrrepdnu
1262 2513 1360 2566 atate

391 2606 496 2680 bona.
513 2606 697 2705 parandum
713 2633 822 2705 neque
838 2608 950 2704 pullos
961 2662 971 2693 ‚
982 2632 1092 2704 neque
1109 2607 1261 2693 vetulas,
1275 2604 1361 2676 toti·

393 2716 470 2797 dent
499 2741 606 2793 mares
630 2736 716 2812 quot
743 2717 894 2792 feminas.
915 2717 1011 2790 Nihil
1033 2717 1202 2803 columbis
1222 2716 1361 2797 foecun-

392 2827 478 2899 dius.
499 2826 613 2923 itaque
635 2828 751 2899 diebus
767 2829 991 2924 quadragenis
1013 2821 1185 2919 concipit,
1199 2829 1237 2898 δι
1252 2827 1361 2925 parit,

394 2937 432 3006 &
446 2935 604 3022 incubat,
618 2935 655 3005 δί
670 2937 802 3005 educat.
813 2939 856 3004 Et
870 2935 938 3006 boc
955 2932 1023 3005 sere
1041 2951 1153 3004 totum
1170 2959 1293 3005 annum
1308 2934 1361 3006 sa·

394 3040 515 3115 ciunt:
537 3043 773 3114 tantummodo
800 3043 1019 3113 intervallumw
1042 3037 1172 3114 faciunt
1199 3067 1219 3114 a
1242 3042 1361 3115 bruma

393 3152 436 3224 ad
459 3152 699 3249 aequinodiutn
716 3130 874 3226 vernums
894 3153 979 3253 Pulli
994 3152 1177 3227 nascuntur
1194 3153 1288 3243 bini,
1300 3153 1361 3250 qui

394 3266 753 3359 stptulad'creverunt,
770 3270 807 3341 δι
820 3267 945 3340 babent
963 3268 1089 3353 robur,
1106 3267 1362 3341 cumutatribus

395 3378 538 3473 pariunt.
562 3378 637 3470 Qui
662 3378 771 3451 solent
796 3378 946 3475 saginare
972 3377 1087 3472 pullos
1116 3376 1365 3464 columbinos,
1458 3449 1460 3453 Α

394 3512 468 3584 quo
489 3486 593 3580 plutis
608 3490 776 3577 vendant,
792 3487 967 3561 secludunt
981 3510 1061 3569 eos,
1079 3510 1155 3557 cum
1170 3481 1235 3575 jam
1249 3483 1363 3578 pluma

351 3615 355 3622 '
395 3597 473 3670 sunt
492 3598 582 3670 tecti.
602 3597 725 3672 deinde
746 3599 953 3672 manducato
972 3594 1122 3668 candido
1141 3591 1286 3664 farciunt
1300 3617 1363 3686 pa·

397 3734 461 3782 ne:
483 3709 591 3781 hieme
612 3708 680 3781 hoc
699 3709 771 3798 bis,
789 3708 899 3781 aeslate
914 3714 986 3797 tet,
1001 3731 1117 3790 mane,
1132 3704 1287 3788 meridie,
1301 3728 1363 3774 ve·

397 3819 493 3914 speri.
510 3820 619 3890 hieme
637 3820 776 3891 demunt
788 3819 903 3892 cibum
925 3818 1085 3888 ntediunt.
1099 3815 1173 3906 Qui
1195 3812 1258 3908 jam
1280 3812 1360 3905 pin·

398 3953 456 4000 nas
471 3930 637 4017 incipiunt
653 3929 791 4016 babere,
813 3930 1009 4022 relinquunt
1029 3927 1063 3995 in
1079 3926 1161 3994 nido
1177 3922 1268 3994 illisis
1284 3945 1361 3993 cru·

398 4039 509 4131 tibus,
523 4043 560 4114 δι
577 4040 756 4132 matribus,
777 4039 911 4114 uberius
927 4055 965 4111 ut
984 4037 1064 4113 cibo
1079 4035 1127 4108 uti
1139 4033 1263 4133 possint
1272 4086 1284 4125 ,
1299 4031 1362 4104 ob·
1381 4126 1384 4140 1
