3509 5084
558 536 632 609 DE
657 537 725 608 RE
748 525 989 612 RU'STICA
1012 540 1109 617 ¹LIB.
1134 542 1189 612 111.
1285 567 1355 638 229

390 720 456 770 nec
483 720 578 794 aeque
610 697 647 769 fit
679 696 899 771 mansuetum.
930 697 1110 771 Anseribus
1141 699 1357 774 admittendis

390 826 522 904 tempus
543 807 589 880 est
611 809 810 903 aptiffimum
832 834 852 880 a
876 806 1013 881 bruma:
1036 811 1076 881 ad
1100 811 1297 905 pariendum
1318 816 1357 886 δι

389 917 619 989 incubandum
640 945 657 988 a
677 919 821 991 Kalend.
846 918 958 989 Martii
982 918 1085 1042 usque
1107 920 1147 989 ad
1169 919 1358 991 solstitium.

390 1026 521 1101 Saliunt
542 1026 659 1098 serem
679 1052 781 1123 aqua,
796 1028 1001 1124 inungentur
1017 1029 1051 1100 in
1073 1016 1215 1117 dumeti,
1232 1049 1288 1100 aut
1303 1029 1357 1124 pi·

388 1134 527 1207 seinam.
546 1134 693 1232 Singulae
717 1161 788 1208 non
800 1137 883 1231 plus
908 1159 1024 1234 quater
1048 1138 1082 1210 in
1098 1166 1190 1212 anno
1209 1140 1359 1234 pariunt.'

389 1224 545 1340 Singulis,
557 1244 616 1321 ubi
629 1243 772 1339 pariant,
784 1243 978 1318 faciundum
992 1248 1085 1320 haras
1099 1248 1276 1343 quadratas
1290 1248 1359 1328 cir-1,

389 1380 470 1431 cum
486 1354 586 1426 binos
603 1356 723 1451 pedes,
739 1358 775 1428 &
787 1356 1000 1451 semipedem.
1015 1383 1069 1430 eas
1081 1358 1357 1432 substernendum

389 1465 495 1561 palea.
516 1465 713 1536 Notandum
736 1489 850 1536 earum
879 1490 949 1536 ova
975 1466 1092 1564 aliquo
1118 1467 1238 1564 signo,
1260 1467 1357 1566 quod

389 1574 496 1645 aliena
522 1597 593 1644 non
619 1572 805 1645 excudunt.
832 1574 887 1645 Ad
908 1572 1149 1646 incubandum
1162 1577 1358 1701 supponunt

388 1685 588 1781 plerumque
604 1706 647 1756 tx
660 1702 714 1755 aut
728 1684 941 1780 xl..qu1hoc
960 1687 1096 1775 minus,
1116 1687 1357 1782 vt1.qurhoc

389 1794 481 1889 plus,
494 1813 561 1863 xv
577 1793 715 1865 incubat
732 1792 981 1918 tempestatibus
995 1794 1065 1866 dies
1084 1815 1170 1864 xxx
1181 1796 1359 1890 ,tepidio-

389 1904 482 1976 tibus
492 1925 589 1976 xxv.
603 1905 690 1977 Cum
702 1903 841 1977 excudit
852 1903 1023 2001 ,quinque
1036 1904 1155 1977 diebus
1169 1905 1284 2000 primis
1297 1932 1356 2000 pa·

360 2040 363 2045 ·
390 2015 521 2088 tiuntur
539 2015 603 2089 effe
628 2030 706 2088 cum
727 2032 843 2088 matre.
871 2013 992 2086 deinde
1021 2014 1176 2110 quotidie
1203 2014 1356 2101 serenum
1401 2046 1405 2058 ·

354 2189 357 2194 .
391 2151 469 2199 cum
483 2125 530 2197 est
544 2180 553 2213 ‚
567 2126 761 2220 producunt
772 2125 808 2196 in
822 2142 936 2220 prata,
953 2125 1033 2196 item
1047 2124 1207 2220 piscinas,
1223 2145 1282 2198 aut
1296 2151 1358 2223 pat-1

390 2237 486 2341 ludes
499 2265 508 2340 ξ
522 2235 626 2334 iisque
640 2234 770 2313 faciunt
782 2237 880 2309 haras
895 2237 990 2333 supra
1007 2255 1129 2309 tetram
1144 2257 1202 2308 aut
1218 2237 1358 2329 subrus;

390 2346 427 2419 in
444 2346 538 2442 queis
554 2370 626 2417 non
642 2345 818 2419 inciudant
840 2345 916 2447 plus
928 2346 1074 2420 vicenos
1095 2345 1216 2441 pullos.
1236 2346 1358 2445 easque

390 2457 491 2528 cellas
514 2455 726 2550 provident,
752 2481 794 2527 ne
819 2455 996 2528 habeant
988 2483 1022 2527 m
1048 2455 1123 2528 solo
1150 2457 1356 2550 humorem,

390 2571 429 2642 δι
450 2587 488 2641 ut
501 2569 605 2641 molle
621 2569 766 2676 habeant
786 2567 989 2640 substramen
1007 2593 1026 2640 e
1041 2569 1150 2665 palea,
1167 2569 1275 2642 aliave
1289 2595 1358 2667 qua

391 2702 450 2765 re,
472 2702 561 2754 neve
580 2705 648 2776 qua
666 2704 709 2753 eo
729 2676 890 2754 accedere
909 2680 1034 2774 poffint
1052 2680 1222 2770 mustelae,
1235 2681 1357 2756 aliave

390 2788 528 2876 bestiae,
546 2816 622 2887 quae
646 2811 803 2866 noceant
832 2789 974 2863 Anseres
1000 2790 1164 2885 pascunt
1156 2818 1189 2862 m
1209 2792 1357 2864 humidis

388 2897 500 2987 locis,
515 2899 572 2972 ubi
593 2901 753 2993 pabulum
773 2899 913 2985 serunt,
930 2900 1023 2995 quod
1046 2899 1357 2994 aliquem'frutium

391 3008 503 3097 ferat,
530 3009 707 3106 serumque
729 3008 780 3080 his
805 3009 968 3096 herbam,
993 3033 1069 3105 quae
1088 3007 1359 3101 vocarurseris,

391 3120 488 3212 quod
510 3144 549 3192 ea
570 3139 654 3216 aqua
671 3119 757 3191 noa
780 3119 880 3192 etiam
897 3144 972 3192 cum
986 3117 1033 3189 est
1049 3116 1163 3208 arida,
1176 3116 1214 3192 fit
1226 3119 1360 3211 viridis.¹
1396 3102 1402 3127 κ

392 3228 489 3301 Folia
509 3226 579 3323 ejus
593 3229 809 3325 decerpentes
825 3228 923 3315 dant,
939 3252 981 3300 ne
996 3228 1020 3299 st
1035 3252 1079 3302 eo
1091 3227 1258 3326 inegerint
1269 3283 1282 3316 ‚
1294 3230 1361 3305 ubi

391 3338 564 3430 nascitur,
585 3361 642 3414 aut
660 3339 851 3412 obterendo
873 3338 1033 3436 perdant,
1048 3357 1087 3412 ut
1104 3340 1166 3434 ipsi
1191 3340 1359 3413 cruditate

391 3467 542 3573 pereant.
564 3473 706 3524 voraces
728 3449 819 3522 enim
842 3447 918 3521 sunt
932 3467 1059 3520 natura.
1074 3472 1146 3544 quo
1167 3467 1360 3546 temperari·
1424 3477 1428 3485 ’

392 3558 513 3631 dum
491 3583 532 3630 ns
544 3559 633 3654 ‚qui
654 3577 795 3661 propter
814 3556 1033 3654 cupiditatem
1054 3555 1169 3652 saepe
1160 3583 1196 3628 ιιι
1219 3555 1360 3652 pascem-¹

393 3671 464 3757 do,
486 3669 510 3740 sr
530 3669 673 3741 radicem
691 3669 921 3765 prenderunt,
939 3692 1040 3763 quam
1060 3667 1201 3740 educere
1214 3665 1322 3737 velint
1337 3690 1361 3737 e

392 3794 480 3847 terra
495 3776 731 3870 ,abrumpunt
752 3774 892 3847 collum.
911 3770 1177 3867 perimbecillum
1191 3796 1279 3842 emm
1303 3770 1365 3860 id,
1482 3794 1510 3901 3

394 3903 433 3955 ut
453 3904 553 3980 caput
568 3885 683 3957 molle
702 3884 735 3954 Si
757 3885 828 3955 haec
851 3883 953 3953 herba
968 3905 1039 3953 non
1059 3880 1105 3951 est
1121 3881 1288 3967 ,dandum
1301 3904 1363 3952 ot·
1482 3868 1498 3901 '

397 3993 516 4087 deum,
534 4015 591 4069 aut
612 3995 817 4069 frumentum
831 3993 935 4069 aliud.
948 3993 1036 4066 Cum
1051 3992 1243 4174 estlqempus
1258 3989 1367 4079 farra»

1152 4125 1171 4197 3
