3509 5084
478 583 664 656 cxxxvnr
820 566 842 632 1
865 565 904 631 N
925 564 967 632 D
990 566 1025 631 E
1047 567 1090 635 X

599 719 627 778 ἃ
644 715 755 790 versus,
766 718 815 794 qui
831 715 881 778 hie
891 715 1062 791 laudantur,
1073 714 1242 779 Columellae
1261 718 1349 779 etiam
1369 719 1430 779 edi.

597 797 668 857 tioni
688 797 860 876 Gryphianae
879 797 964 878 1548.
991 799 1075 861 Hanc
1095 799 1214 873 primam
1234 798 1291 860 elle
1310 800 1431 860 vittoni

596 879 774 954 editionem,
790 877 901 940 indicat
916 877 1111 956 diesepistolae
1119 879 1239 940 victorii
1252 881 1432 958 adscriptus:

596 959 651 1021 niti
665 960 772 1021 eodem
786 971 918 1037 tempore
935 958 1064 1021 initalia
1081 959 1183 1021 edidit.
1259 1022 1260 1025 ,

480 1064 557 1133 ιςῃ
598 1055 738 1133 Lugduni,
748 1051 776 1114 8.
789 1052 868 1131 apud
887 1054 1044 1135 Gryphium.
1058 1051 1133 1114 Petri
1149 1054 1256 1114 Vitiorii
1266 1054 1431 1132 Explicatio

598 1132 712 1198 suarum
726 1135 757 1194 in
773 1133 933 1208 Catonem,
948 1135 1127 1210 Varronem,
1144 1133 1333 1198 Columellam
1353 1137 1433 1196 casti-

599 1215 749 1292 gationum
765 1214 919 1294 separatim
936 1217 1022 1276 edita

481 1322 556 1388 1543
584 1304 1010 1450 'farifirtitibprfitephuuiplss
1032 1305 1364 1448 Librldgi'sslm’ll'
1378 1306 1433 1368 Ca·

598 1402 755 1530 liliibrlum
771 1433 811 1528 o’d
827 1406 1140 1549 uerebiiitmelxerriiirliiiiim
1153 1467 1234 1546 fidem
1244 1409 1310 1550 sig
1324 1406 1432 1547 ullibi?

421 1597 423 1613 .
524 1620 528 1626 ‚
554 1628 556 1633 Ι
598 1568 651 1610 tatu
666 1550 780 1644 restituti.
808 1585 850 1645 ‘..
863 1551 975 1628 Parifiis
997 1571 1064 1609 exo
1091 1551 1151 1609 cina
1170 1549 1435 1645 liuberti-Stephani

596 1647 709 1768 unp
720 1630 1051 1774 atttriti
1064 1629 1434 1788 urrunnun

598 1723 721 1857 liilend.
738 1791 883 1871 Quintiles
901 1793 946 1855 lli.
957 1793 994 1856 Ι).
1007 1793 1086 1857 XLI.
1105 1792 1282 1867 Florentiae)
1300 1791 1335 1853 ln
1353 1791 1411 1851 fine
1423 1805 1439 1852 τ’

547 1895 551 1901 ·
601 1874 759 1934 Excudebut
771 1875 839 1936 Rob.
849 1877 999 1953 Stephanus
1013 1876 1194 1957 typographus
1207 1875 1292 1957 regius
1310 1875 1435 1954 Parifiis.

551 1973 553 1977 ’
598 1976 642 2016 au.
656 1957 833 2016 MDXLIII.
850 1957 936 2035 m.
947 1956 1016 2016 Kal.
1031 1956 1153 2038 Augusti.

466 2050 665 2110 ·——ibid.
683 2049 748 2109 eod.
765 2046 886 2111 Palladii
903 2050 1003 2111 Rutilii
1023 2050 1102 2111 Tauri
1123 2048 1271 2110 AErrriliarri
1294 2049 1352 2108 Viri
1372 2047 1436 2108 illu·

591 2131 670 2212 stris,
687 2136 717 2192 de
732 2131 774 2191 Re
787 2132 895 2215 Rustica
913 2130 991 2194 Libri
1000 2130 1080 2194 xlv.
1100 2149 1138 2191 ex
1148 2129 1224 2192 offic.
1243 2128 1320 2192 Rob.
1334 2127 1435 2206 Steph.

601 2226 662 2290 typ.
686 2230 745 2290 seg·
1090 2282 1093 2289 .

478 2305 664 2364 —ilirt
684 2304 750 2373 eod.
768 2307 800 2366 L.
817 2305 894 2366 Iunii
913 2305 1049 2365 Moderati
1066 2302 1234 2366 Columellae
1251 2306 1282 2362 de
1301 2325 1326 2362 re
1342 2303 1436 2384 rustica

603 2387 676 2444 Libri
686 2387 755 2446 XII.
765 2385 892 2466 Ejusdem
904 2388 937 2444 dt
953 2386 1102 2445 Arboribus
1110 2385 1320 2466 [iterfeparatus
1329 2385 1362 2443 ub
1371 2384 1443 2444 aliis.

599 2487 635 2522 ex
650 2463 696 2544 off
710 2469 746 2525 R.
762 2467 853 2546 Stept.
870 2485 928 2606 tycp.
945 2487 995 2545 reg.
1012 2474 1047 2534 ’-,-
1058 2465 1121 2527 Post
1137 2466 1263 2525 indicem
1279 2466 1309 2523 in
1320 2464 1435 2526 Colum.

601 2545 630 2605 δι
653 2543 734 2604 locos
758 2543 868 2621 aliquot
913 2544 1058 2606 olumellae
1076 2546 1114 2606 ad
1132 2546 1270 2606 vetustior
1292 2565 1321 2605 m
1336 2565 1437 2606 exem-

601 2622 726 2700 plarium
748 2623 838 2685 fidem
854 2625 995 2699 collatos,
1008 2624 1113 2702 legitur
1131 2626 1162 2686 in
1181 2626 1255 2686 line:
1305 2629 1436 2687 xcudebat

500 2729 521 2766 ¹.
599 2706 704 2766 Robert.
729 2707 881 2785 Stephanus
909 2711 1089 2788 typogrqtus
1113 2708 1208 2787 regius.
1233 2708 1368 2784 Pirustis,
1388 2731 1434 2767 an.

602 2786 780 2848 MDXLIH.
796 2789 846 2848 XI
863 2789 935 2850 Kal.
949 2788 1115 2867 Septembris.

480 2879 665 2941 -ttiu
680 2880 746 2941 eod.
760 2879 790 2942 P.
811 2880 920 2941 Vitiorii
933 2878 1090 2958 explicatio
1107 2879 1137 2940 in
1159 2878 1320 2951 Catonem,
1334 2877 1438 2937 Varro.

538 3005 540 3010 -
600 2965 712 3024 nem&
731 2960 933 3023 Columellam.
951 2960 1009 3023 'Ge
1027 2958 1213 3023 Alexandrini
1232 2957 1311 3035 expl.
1332 2957 1436 3034 prisca.

601 3061 665 3103 rum
682 3061 789 3104 vocum
804 3044 834 3102 in
849 3042 929 3104 libris
946 3043 983 3104 de
999 3061 1029 3103 re
1041 3043 1152 3103 rustica.
1165 3040 1321 3103 Beroaldus
1334 3039 1365 3099 in
1380 3040 1439 3101 Co.

601 3121 760 3184 lumellam.
777 3123 865 3184 Aldus
882 3127 913 3184 in
929 3122 1096 3186 Palladium.
1141 3123 1186 3185 Est
1205 3141 1284 3183 mera
1303 3122 1436 3198 repetitio

601 3203 650 3264 ed.
666 3203 785 3264 Victorii
803 3202 975 3282 Gryphianae
995 3124 1145 3286 1541sqb

481 3295 734 3393 u-Parifiis,
749 3319 776 3373 4.
794 3294 964 3358 Columellae
980 3295 1098 3372 hortus,
1117 3314 1185 3356 cum
1200 3294 1438 3373 interpretatione
1476 3352 1483 3364 ,

438 3390 440 3397 ”
601 3375 670 3452 Julir
690 3377 833 3458 Pomponii
850 3378 1015 3453 Fortunati,
1042 3379 1089 3438 cui
1117 3376 1295 3439 accesserunt
1321 3392 1439 3438 annota-

601 3461 697 3520 tiones
715 3459 796 3537 Bapt.
825 3461 892 3534 Pii,
912 3457 985 3520 Phil.
1000 3459 1142 3533 Beroaldi,
1166 3461 1194 3520 δι
1218 3458 1367 3520 cuiusdam
1385 3459 1437 3518 viri

602 3540 767 3620 dotlilirmi.
796 3539 880 3604 Paris.
897 3540 949 3603 tn.
962 3541 1012 3602 ·de
1041 3542 1177 3602 Guiercie.
1208 3540 1248 3602 cf.
1270 3539 1331 3601 Cat.
1363 3538 1435 3599 bibl.

601 3620 714 3684 Bunav.
729 3622 764 3685 T.
780 3621 813 3698 Ι,
828 3622 886 3684 vol.
906 3643 939 3695 1,
957 3641 986 3698 p.
1001 3641 1073 3704 334.
1429 3641 1431 3649 ¹

368 3726 371 3733 ·
456 3733 458 3736 -
482 3700 785 3783 unu-Frarrrofurti,
802 3725 831 3779 4.
859 3700 1034 3776 Columella,
1053 3721 1121 3764 cum
1143 3700 1258 3766 Nicolai
1283 3699 1437 3761 Bartholo-

586 3834 588 3839 .
604 3783 669 3846 maei
685 3783 811 3844 carmine
822 3782 858 3842 de
869 3780 950 3843 cultu
967 3781 1136 3860 hortorum,
1148 3787 1176 3845 u
1192 3780 1308 3858 Georgii
1317 3780 1439 3841 Vercel-

604 3863 682 3941 lani,
697 3856 844 3962 tinnibaba
859 3861 962 3924 Crucei
972 3861 1077 3942 mopso
1086 3867 1118 3927 ἃ
1128 3865 1221 3941 Carpo
1233 3861 1352 3924 Hieron.
1365 3862 1440 3924 Fra·

484 4021 552 4090 s.'a.
572 3947 761 4111 Αξῖιίιὶιῖοῗζεί,
776 4024 804 4090 8.
823 4023 1003 4104 Columella,
1021 3983 1089 4090 eum
1103 4027 1189 4088 Caena
1206 4023 1335 4103 Baptistae
1354 4025 1438 4084 Fieru

1184 4267 1191 4315 l
