3509 5084
392 617 438 696 30
536 563 1235 669 M.eorcrirsctto

447 755 580 827 XXXl.
605 755 657 826 nd
681 752 792 825 oleam
816 753 1002 848 cogendam
1028 778 1103 849 quae
1127 778 1214 850 opus
1237 771 1356 844 erunt,
1393 836 1401 859 .

387 881 560 967 patentur.
574 863 712 935 Vimina
726 880 874 950 matura,
887 861 968 933 salix
989 887 1047 958 per
1062 883 1194 958 tempus
1207 865 1355 960 legatur,

387 975 439 1048 uti
457 974 515 1048 fiet
534 975 624 1047 unde
646 974 798 1047 corbulae
817 971 916 1057 fiant,
931 975 968 1046 δι
994 993 1123 1046 veteres
1147 976 1354 1065 sarciantur,

388 1082 503 1156 fibulae
527 1083 618 1154 unde
636 1078 728 1154 fiant.
748 1078 861 1153 Atidae
883 1081 1039 1177 iligneae,
1055 1082 1174 1154 ulmeae
1186 1136 1197 1171 ‚
1211 1109 1356 1170 nuceae,

388 1190 568 1276 ficulnea,
591 1186 663 1260 face
678 1187 729 1261 uti
748 1186 784 1257 in
806 1186 1018 1279 slercus,aut
1042 1186 1078 1259 in
1100 1214 1219 1287 aquam
1240 1191 1355 1285 conji-

389 1304 533 1377 ciantur.
556 1298 635 1371 inde
656 1298 715 1369 ubi
737 1320 824 1394 opus
843 1299 926 1386 erit,
944 1284 1065 1375 fibulas
1088 1294 1206 1375 facito.
1231 1303 1355 1376 Vedles

389 1396 559 1512 iligneos,
585 1407 794 1495 acrusolios,
819 1408 974 1496 laureos,
996 1409 1131 1480 ulmeos
1160 1409 1286 1499 facito,
1305 1411 1359 1485 uti

388 1524 477 1595 sterit
501 1520 620 1617 parati.
655 1517 790 1590 Ptelum
818 1518 860 1590 de
885 1517 1028 1614 carpino
1054 1539 1126 1591 atra
1149 1519 1359 1615 potissimum

389 1634 509 1707 facito.
521 1631 665 1704 ulmeam
677 1683 688 1716 ,
701 1629 853 1725 pineam,
870 1652 1032 1718 nuceam,
1045 1629 1130 1703 hanc
1144 1648 1244 1726 atque
1257 1629 1359 1703 aliam
1382 1701 1385 1710 ,

273 1751 276 1757 ’
391 1741 564 1818 materiem
587 1763 723 1814 omnem
754 1764 832 1811 cum
855 1737 1015 1828 effodies,
1035 1740 1114 1810 luna
1144 1739 1358 1812 decrescente

389 1852 550 1938 eximito,
564 1848 640 1947 poll
654 1834 840 1941 meridiem,
852 1849 920 1921 stne
932 1868 1039 1923 vento
1048 1849 1281 1923 Auslro.Tum
1291 1849 1359 1921 erit

391 1959 615 2055 tempestiva,
631 1980 708 2031 cum
720 1956 830 2056 semen
847 1954 941 2029 suum
961 1965 1131 2030 ma'tutum
1144 1956 1219 2057 erit.
1242 1959 1357 2030 Cave·

393 2089 503 2169 toque
527 2093 588 2166 per
605 2091 719 2139 rorem
741 2066 874 2155 trahas,
888 2083 947 2140 aut
968 2067 1073 2140 doles.
1096 2069 1182 2161 Quae
1203 2066 1361 2141 materies

280 2208 283 2215 ·
393 2181 506 2253 semen
527 2202 600 2251 non
624 2174 780 2257 habebit,
803 2199 881 2248 cum
907 2174 1041 2274 glubet,
1064 2175 1262 2272 tempestiva
1283 2174 1359 2250 erit.

393 2293 512 2362 Vento
534 2286 660 2360 Aullro
685 2302 833 2373 caveto,
854 2308 897 2356 ne
921 2310 1023 2382 quarn
1049 2285 1244 2379 materiam,
1269 2310 1360 2358 neve

393 2400 515 2473 vinum
537 2393 753 2484 tratles,nisr
776 2392 970 2467 necessario.
1347 2384 1349 2389 ’

442 2506 590 2578 XXXll.
605 2503 751 2588 Vincas,
767 2501 969 2600 arboresque
988 2522 1116 2577 mature
1130 2503 1202 2578 sace
1216 2478 1359 2600 incipias
1397 2538 1398 2543 ¹

393 2629 522 2706 putare.
534 2609 630 2681 Vites
643 2626 808 2704 propages
822 2607 944 2693 sulcos,
960 2608 1087 2713 sursum
1104 2611 1256 2700 vorsum,
1268 2636 1359 2709 quo-

394 2719 437 2790 ad
450 2716 523 2812 ejus
535 2717 643 2789 facere
660 2718 810 2813 poteris,
823 2715 904 2790 vitis
923 2716 1027 2793 sacito
1040 2723 1090 2793 uti
1106 2723 1218 2795 ducas.
1240 2720 1365 2793 Arbeia

393 2851 446 2898 res
459 2826 527 2900 hoc
541 2827 648 2901 modo
658 2845 817 2923 putentur
827 2880 839 2918 ,
849 2828 932 2899 rami
945 2829 994 2900 uti
1006 2830 1256 2919 divaricentur,
1268 2854 1361 2926 quos

394 2935 583 3033 relinques,
596 2937 635 3009 &
645 2924 700 3040 'uti
715 2937 802 3009 redle
815 2939 1003 3047 caedaptur,
1019 2944 1056 3015 δι
1071 2967 1114 3015 ne
1129 2940 1269 3012 nimium
1282 2964 1360 3035 ¹cre·

393 3045 448 3115 bri
470 3046 712 3139 relinquantur.
735 3047 831 3119 Vites
850 3047 937 3135 bene
961 3049 1132 3122 nodentur
1157 3073 1217 3144 per
1237 3070 1360 3119 omnes

395 3173 518 3221 ramos.
531 3146 707 3248 diligerlter
719 3162 855 3243 caveto,
874 3181 916 3228 ne
930 3157 1035 3231 vitem
1051 3159 1252 3254 precipites,
1268 3162 1306 3231 δι
1318 3179 1360 3229 ne

397 3259 538 3331 nimium
560 3262 771 3363 perstringas.
792 3268 940 3339 Arbores
959 3265 1064 3339 facito
1080 3269 1130 3339 uti
1148 3271 1234 3341 bene
1257 3270 1360 3341 mari·

395 3389 439 3441 tae
452 3368 531 3460 fint,
546 3372 700 3471 vitesque
714 3375 764 3448 uti
778 3375 852 3457 satis
865 3376 979 3448 multae
993 3376 1190 3465 asserantur,
1204 3380 1241 3452 ὅ(
1254 3379 1361 3452 sicubi

395 3493 484 3574 opus
497 3480 578 3569 erit,
588 3482 629 3554 de
642 3483 763 3557 arbore
779 3484 999 3582 dejiciantur,
1011 3490 1048 3561 &
1062 3488 1232 3561 interram
1249 3486 1359 3584 depti-

395 3609 552 3678 mantur,
566 3593 604 3665 δι
619 3592 761 3666 biennio
775 3596 852 3691 post
873 3600 1051 3699 praecidito
1073 3619 1214 3672 veteres.

396 3768 399 3773 .
453 3703 614 3776 XXXlll.
633 3705 776 3778 Vineam
798 3708 842 3782 fic
860 3706 966 3783 facito
977 3766 989 3800 ,
1002 3694 1052 3784 uti
1072 3730 1217 3785 curetur.
1241 3707 1360 3782 Vitem

395 3813 482 3885 hene
500 3815 679 3901 enodatam
700 3815 846 3912 deligato
866 3821 973 3909 reete,
987 3821 1136 3894 flexuosa
1153 3818 1202 3888 uti
1217 3843 1259 3887 ne
1279 3818 1361 3903 stet,

394 3919 520 3992 sursum
533 3919 673 3993 vorsum
691 3920 819 4016 semper
832 3922 974 4015 ducito,
989 3923 1190 4022 quoadejus
1207 3927 1359 4018 potetis,

394 4028 567 4125 vinarios,
589 4029 808 4131 custodesque
820 4032 908 4107 recte
922 4034 1117 4163 relinqrrito.
1136 4036 1252 4126 Quam
1266 4035 1358 4107 altis-
