3509 5084
464 598 516 681 {tt
612 584 1304 674 ueoucrusctto·

516 748 602 816 Clll.
623 748 735 819 Boves
748 746 797 817 uti
816 746 973 837 valeant,
988 748 1025 820 &
1046 749 1148 818 curati
1169 748 1252 820 bene
1275 749 1372 848 stent,
1386 752 1425 827 &

466 852 525 949 qui
550 851 714 925 saslidient
738 855 877 944 cibum,
900 857 950 926 uti
975 855 1078 948 magis
1100 857 1222 950 cupide
1244 876 1423 952 appetant,

465 960 647 1056 pabulum,
659 965 752 1058 quod
767 964 877 1044 dabis,
892 956 1027 1034 amurca
1041 960 1202 1058 spargit03
1216 963 1328 1057 primo
1342 991 1425 1060 pau-

462 1069 599 1160 lulum,
623 1064 702 1142 dum
729 1070 970 1161 consuescant,
996 1070 1112 1166 postea
1139 1072 1262 1167 magis,
1285 1074 1323 1144 &
1346 1075 1426 1144 dato

466 1196 617 1250 rarenter
647 1180 763 1253 bibere
790 1183 1008 1257 commixtam
1036 1207 1113 1254 cum
1139 1205 1224 1277 aqua
1251 1181 1427 1275 aequabili·

300 1354 304 1365 ,
335 1332 339 1339 -
446 1303 518 1357 .ter
541 1305 664 1382 quarto
684 1289 807 1386 quinto
830 1276 968 1385 quoque
988 1289 1053 1364 die.
1080 1291 1150 1362 hoc
1172 1290 1217 1361 src
1235 1287 1352 1378 facies,
1375 1288 1423 1360 ita

464 1395 577 1470 boves
605 1400 643 1472 &
671 1425 818 1497 corpore
849 1401 1035 1475 curatiores
1063 1421 1186 1491 erunt,
1216 1402 1255 1474 δι
1281 1401 1425 1472 morbus

464 1503 581 1578 aberit.
905 1579 909 1590 ,
1356 1600 1358 1604 ι

527 1619 615 1689 ClV.
639 1618 767 1691 Vinum
794 1619 932 1692 familiae
958 1645 1018 1715 per
1042 1619 1188 1691 hiemem
1215 1618 1276 1714 qui
1303 1634 1429 1694 utatur.

466 1726 567 1799 Musti
583 1728 815 1821 quadrantalia
831 1752 867 1801 x.
889 1730 924 1802 in
940 1730 1068 1803 dolium
1093 1728 1224 1817 indito,
1242 1729 1326 1801 aceti
1341 1729 1429 1801 acris

463 1837 694 1930 quadrantalia
710 1860 754 1911 11.
767 1841 896 1912 Eodem
909 1839 1087 1912 infundito'
1102 1839 1188 1931 sapae
1200 1839 1430 1932 quadrantalia

465 1945 558 2032 duo,
574 1973 669 2041 aquae
686 1949 792 2020 dulcis
806 1948 1036 2046 quadrantalia
1048 1970 1081 2022 t.
1094 1951 1177 2021 Haec
1192 1949 1275 2034 tude
1288 1949 1429 2021 misceto

465 2070 518 2124 ter
534 2055 569 2125 in
584 2057 660 2146 die,
680 2057 751 2129 dies
769 2082 807 2130 v.
823 2059 1019 2132 continuos.
1042 2060 1098 2131 Eo'
1110 2059 1227 2137 addito
1246 2085 1341 2154 aquae
1357 2085 1428 2130 ma-

465 2164 549 2237 tinae
570 2167 695 2240 veteris
717 2168 876 2242 sextarios
897 2188 1004 2241 axlv.
1023 2169 1061 2241 δι
1082 2170 1282 2263 operculum
1303 2168 1338 2238 in
1363 2169 1429 2241 do·

465 2275 550 2345 lium
563 2276 751 2369 imponito,
766 2281 804 2351 &
824 2281 974 2355 oblinito
990 2280 1060 2350 dies
1080 2301 1118 2350 x.
1134 2281 1215 2350 Hoc
1230 2279 1350 2350 vinum
1367 2279 1428 2350 du-
1466 2335 1471 2344 .

464 2385 553 2457 tabit
576 2387 639 2458 tibi
664 2372 831 2484 usquead
856 2388 1045 2461 solstitium.
1070 2388 1102 2458 Si
1123 2389 1205 2482 quid
1230 2386 1430 2481 superfuerit

462 2496 542 2590 poll
553 2495 748 2589 solstitium,
758 2518 889 2573 acetum
901 2501 1099 2571 acerrimum
1113 2500 1151 2571 &
1163 2497 1430 2593 pulcherrimum

463 2608 540 2681 erit.
1325 2603 1328 2609 ’

534 2718 609 2789 CV.
643 2718 716 2811 Qui
745 2744 823 2817 ager
852 2719 956 2817 longe
984 2743 1005 2788 a
1031 2716 1115 2789 mari
1143 2718 1272 2805 aberit,
1298 2716 1345 2791 ibi
1374 2719 1431 2791 v'i·

463 2849 549 2898 num
582 2828 740 2902 Graecum
768 2829 812 2902 stc
837 2827 953 2902 facito.
979 2826 1080 2898 Mulli
1109 2827 1334 2921 quadrantalia
1363 2847 1433 2900 xx.

462 2934 502 3009 in
520 2934 683 3012 aheneum
706 2958 763 3012 aut
783 2939 981 3034 plumbeum
1001 2934 1195 3019 infundito,
1221 2935 1333 3031 ignem
1352 2935 1431 3005 sub-

463 3045 552 3117 dito.
584 3048 644 3117 ubi
674 3048 817 3119 bullabit
844 3049 986 3134 vinum,
1011 3046 1123 3144 ignem
1151 3043 1339 3116 subducito.
1371 3043 1430 3114 ubi

462 3149 500 3223 id
529 3150 648 3223 vinum
677 3152 878 3239 refrixerit,
905 3155 941 3225 in
969 3156 1101 3226 dolium
1131 3151 1431 3249 quadragenarium

462 3259 661 3350 infundito‚
686 3259 831 3332 seorsum
863 3260 900 3330 in
927 3285 988 3332 vas
1010 3286 1107 3357 aquae
1127 3261 1234 3333 dulcis
1260 3262 1430 3358 quadran·

464 3371 512 3445 tal
544 3388 572 3441 1.
602 3365 789 3443 infundito.
818 3369 902 3443 Salis
928 3369 964 3452 ἷξ-
980 3391 1007 3443 1.
1036 3369 1138 3444 finito
1173 3370 1316 3442 muriam
1349 3369 1431 3442 sieri.

464 3477 535 3552 Ubi
554 3479 661 3550 muria
682 3477 765 3552 sasla
787 3479 871 3570 erit,
893 3481 1015 3552 eodem
1030 3479 1066 3551 in
1087 3478 1220 3550 dolium
1246 3478 1430 3550 infundite.

463 3591 647 3664 Schoenum
676 3593 714 3663 &
739 3592 911 3665 calamum
930 3592 967 3666 in
992 3591 1060 3687 pila
1087 3591 1311 3675 contundito,
1333 3589 1431 3684 quod

463 3703 525 3774 stet
551 3700 729 3774 sextarium
755 3727 861 3774 unum
895 3701 1017 3773 eodem
1044 3699 1080 3772 in
1107 3699 1240 3771 dolium
1274 3695 1430 3768 insun'di-

463 3830 532 3897 to‚·
554 3830 592 3884 ut
623 3813 806 3884 odoratum
839 3809 906 3881 stet.
933 3809 1017 3882 ‘Post
1050 3809 1122 3882 dies
1149 3826 1258 3879 xxx.
1297 3804 1428 3878 dolium

462 3920 625 3994 oblinito.
658 3919 711 3993 Ad
738 3945 801 3990 vet
831 3915 1012 3991 diffundito
1038 3917 1073 3989 in
1105 3904 1296 4009 amphoras.
1327 3914 1428 3984 Bien-

465 4024 560 4102 nium
580 4027 615 4103 in
636 4026 707 4136 sole
724 4027 823 4104 finito
842 4026 988 4126 positum
1005 4025 1079 4098 elle.
1099 4023 1219 4097 deinde
1240 4021 1276 4093 in
1299 4018 1437 4096 rectum
