3509 5084
548 594 622 669 un
648 590 998 687 nnnusrrcn
1023 598 1119 672 Lm.
1145 599 1187 672 u.
1292 622 1356 698 193

388 754 485 829 hiatu
504 756 656 852 magno:
672 753 792 827 colore
806 753 1014 850 potillimum
1033 755 1112 827 albo
1123 811 1134 846 ,
1145 755 1241 851 quod
1255 757 1289 832 in
1307 742 1379 831 te?

389 865 502 938 nebris
518 861 627 960 specie
647 861 797 937 leonina.
822 862 985 936 Praeterea
1000 863 1143 936 feminas
1157 866 1282 937 volunt
1295 869 1361 941 elle

388 971 591 1044 mammolas
616 969 799 1064 aequalibus
822 969 964 1065 papillis.
985 973 1070 1066 Item
1090 973 1302 1062 ¹videndum,
1322 995 1363 1049 ut

389 1080 475 1153 boni
489 1078 617 1150 seminii
628 1078 822 1174 sintltaque
837 1078 1063 1174 aregionibus
1073 1079 1284 1175 appellantur
1295 1086 1363 1154 La·¹

392 1213 516 1276 coner,
530 1186 717 1284 Epirotici,
733 1186 919 1260 Sallentini.
934 1187 1149 1279 Videndum,
1163 1214 1237 1262 nea
1255 1215 1364 1275 vena-2
1378 1202 1380 1207 '
1442 1202 1445 1209 '

390 1297 544 1384 toribus,
560 1316 619 1369 aut
641 1295 740 1368 laniis
758 1320 857 1369 canes
877 1320 980 1368 emas.
999 1297 1115 1384 alteri,
1130 1299 1224 1392 quod
1235 1286 1284 1369 'ad
1299 1324 1363 1395 pe·

390 1430 451 1479 cus
436 1350 693 1515 seqdendunt
684 1424 820 1476 inertes
840 1394 960 1492 alteri,
975 1401 1000 1474 st
1015 1403 1166 1476 viderint
1181 1404 1360 1499 leporem,

390 1532 451 1586 aut
467 1538 628 1602 cervum,
639 1515 737 1611 quod
751 1538 828 1585 eum
845 1512 963 1608 potius
973 1565 985 1600 ,
997 1537 1098 1608 quarn
1116 1536 1204 1585 oves
1218 1513 1363 1611 sequen·

391 1643 457 1695 tur.
477 1624 594 1715 Quare
608 1640 666 1695 aut
681 1647 700 1694 a
716 1614 906 1718 pastoribus
920 1644 1009 1694 emta
1025 1624 1169 1711 melior,
1183 1648 1258 1719 quae
1276 1650 1364 1700 oves
1381 1624 1384 1630 ’

393 1732 487 1832 sequi
511 1731 714 1806 consueuit:
737 1750 794 1805 aut
819 1732 887 1804 fine
918 1732 986 1805 ulla
1015 1733 1261 1808 consuetudine
1288 1761 1385 1833 quae‘

394 1844 507 1917 fuerit.
523 1845 616 1917 canis
630 1843 721 1915 enim
735 1842 863 1914 facilius
878 1842 960 1937 quid
973 1842 1143 1934 alluescit,
1157 1869 1263 1944 eaque
1277 1842 1366 1921 edn-

395 1955 538 2028 suetudo
554 1950 706 2042 firmior,
721 1977 798 2051 quae
811 1951 850 2024 sn
866 1953 907 2024 ad
926 1952 1090 2048 pastores,
1108 1979 1210 2052 quarn
1230 1982 1307 2051 quae
1322 1959 1366 2031 ad
1386 1980 1388 1985 ·

394 2065 551 2163 pecudes.
572 2067 606 2138 P.
623 2062 775 2139 Aufidius
790 2054 984 2136 'Pontianus
1008 2063 1259 2157 Amiterninus,
1285 2088 1366 2140 cum

395 2199 513 2273 greges
526 2173 647 2247 ovium
661 2172 789 2247 'emisset
801 2173 836 2244 in
851 2173 993 2247 Umbria
1007 2173 1124 2246 ultima
1132 2175 1274 2271 ,quibus
1287 2202 1367 2274 gre·

397 2286 494 2386 gibus
507 2283 575 2355 sine
598 2281 787 2380 palloribus
804 2308 909 2357 canes*
923 2283 1148 2370 acceffillent;
1167 2283 1316 2379 pallores
1329 2304 1368 2383 ut

398 2395 603 2466 deducerent
630 2392 666 2464 in
694 2393 953 2491 Metapontinos
980 2393 1101 2482 saltus,
1126 2397 1165 2470 δι
1192 2395 1368 2468 Heracleae

398 2503 590 2597 emporium
606 2528 615 2574 r
629 2502 709 2575 inde
723 2530 803 2576 cum
824 2506 965 2576 domum
980 2504 1159 2592 redissent,
1174 2505 1233 2602 qui
1248 2506 1290 2577 ad
1311 2506 1388 2577 lo-·
1414 2553 1416 2557 v

352 2694 355 2699 ¹
400 2636 478 2685 cum
497 2610 723 2700 deduxerant,
738 2636 757 2683 e
771 2612 934 2685 desiderio
958 2613 1137 2685 hominum
1152 2614 1270 2686 diebus
1282 2605 1389 2710 'pau-l
1434 2608 1451 2696 ξι

400 2721 449 2797 cis
465 2721 580 2818 pollen
599 2729 698 2794 canet
715 2722 770 2796 sua
786 2722 926 2821 sponte,
939 2749 1017 2798 cum
1038 2722 1167 2797 dierum
1181 2725 1369 2800 multorum

399 2832 459 2905 via
480 2830 665 2920 interesset,
678 2832 737 2905 fibi
754 2859 796 2906 ex
817 2834 906 2930 agris
924 2832 1047 2906 cibaria
1068 2833 1305 2926 praebuerunt,
1318 2854 1371 2907 at·
1441 2913 1446 2918 ,

401 2941 522 3040 quein
539 2939 717 3013 Umbriam
739 2940 782 3010 ad
805 2940 955 3034 pallores
975 2939 1157 3009 redierunt.
1181 2963 1291 3032 neque
1306 2965 1372 3013 eo·

401 3077 478 3126 rum
498 3048 672 3145 quisquam
692 3045 840 3134 fecerat,
853 3048 948 3144 quod
962 3047 996 3118 in
1013 3045 1218 3145 agricultura
1235 3048 1391 3123 Saserna·

400 3155 583 3260 pracepit,
607 3155 680 3251 Qui
700 3154 805 3228 vellet
826 3156 857 3227 se
877 3181 897 3227 a
923 3181 1007 3230 cane
1029 3156 1165 3247 sedari,
1184 3158 1235 3232 uti
1254 3183 1373 3236 tanam
1473 3166 1495 3179 “

403 3266 545 3364 objiciat
559 3266 701 3338 codam.
721 3266 837 3362 Magni
859 3265 1016 3352 interest,
1031 3289 1075 3336 ex
1099 3263 1223 3339 semine
1236 3266 1301 3340 elle
1316 3293 1375 3341 ca·
1388 3280 1393 3353 ᾗ

404 3402 466 3451 nes
492 3376 635 3460 eodem,
659 3375 753 3471 quod
781 3374 920 3471 cognati
948 3371 1095 3445 maxime
1123 3371 1212 3444 inter
1237 3373 1270 3445 se
1298 3373 1375 3447 sunt

404 3484 572 3586 praesrdio.
585 3483 743 3581 Sequitur
754 3501 911 3580 quartum
927 3481 967 3554 de
982 3479 1153 3553 emtione:
1165 3478 1202 3554 fit
1217 3480 1376 3572 alterius,

407 3623 521 3675 cuma
542 3594 654 3692 priore
672 3593 818 3668 domino
839 3592 988 3665 secundo
1006 3590 1164 3664 traditum
1181 3591 1238 3666 ed.
1255 3593 1311 3665 De
1326 3595 1378 3665 l'a·

407 3707 513 3780 nitate
535 3708 574 3778 δι
596 3729 687 3776 noxa
710 3701 944 3798 stipulationes
960 3701 1048 3774 liunt
1071 3704 1219 3793 eaedem,
1241 3729 1317 3800 quae
1339 3705 1378 3779 in

407 3841 553 3939 pecore,
578 3813 639 3886 nist
663 3812 759 3938 quod
782 3811 839 3885 hic
866 3812 996 3884 utiliter
1020 3831 1201 3909 exceptum
1229 3814 1285 3887 est
1309 3813 1380 3886 Alii

409 3926 556 4027 pretium
577 3922 733 3998 faciunt
724 3948 760 3994 m
774 3922 903 4018 singula
922 3921 1033 4017 capita
1051 3947 1181 3995 canum
1203 3921 1259 3993 alii
1272 3940 1310 3995 ut
1324 3947 1380 4017 ca·
1365 3908 1418 3981 ν’

410 4035 475 4112 tuli
493 4035 669 4131 sequantur
685 4054 834 4105 matrem.
847 4031 904 4109 alii
916 4051 953 4108 ut
964 4018 1039 4108 bini
1056 4031 1158 4110 catuli
1173 4031 1272 4109 unius
1287 4032 1381 4108 canis

486 4152 610 4241 Scriptt.
626 4150 668 4220 R.
685 4149 727 4221 R
745 4149 861 4223 Vol..I
997 4216 1005 4233 ,
1198 4145 1234 4216 N
