3509 5084
724 479 967 598 b'lTA.
1127 481 1130 485 ‘
1255 550 1325 604 clx

368 678 424 754 lib.
443 706 497 787 4r,
512 703 579 750 curn
597 675 763 775 narraffrt,
786 680 990 772 Pompeianis
1012 685 1150 771 deditis,
1173 690 1322 781 cesarem

369 799 462 865 nulla
475 820 523 878 re,
541 816 645 862 contra
666 792 833 860 deditionis
854 797 952 885 leges,
958 789 1057 887 ferrffe
1072 819 1219 887 gravem,
1244 799 1326 867 Gui-

368 901 471 969 lielrno
496 899 674 990 Xylondro'
692 899 867 989 interprete,
878 897 1050 999 subiungit
1067 925 1081 970 .·
1101 899 1181 972 Hoc
1204 897 1327 972 factum

367 1003 491 1077 Caelari
507 1004 596 1076 haud
609 1028 772 1096 parvum,
789 1029 864 1077 cum
879 1005 920 1076 ad
934 1004 1098 1102 gloriam,
1112 1026 1183 1077 tum
1198 1010 1239 1077 ad
1254 1032 1325 1081 rem

368 1116 547 1213 gerendam
570 1135 779 1186 momentum
799 1115 922 1188 attulit.
942 1118 1071 1189 Omnes
1088 1116 1181 1188 enirn
1205 1118 1327 1214 Hispa·

367 1225 434 1313 niae
448 1224 624 1312 civitates,
645 1220 848 1320 omnesque,
862 1223 922 1319 qui
945 1223 981 1297 in
1000 1251 1037 1316 ea
1054 1244 1169 1317 erant,
1183 1226 1326 1316 milites,

367 1356 535 1429 quotum,
554 1349 673 1428 praeter
687 1355 765 1422 eos,
778 1330 887 1426 quiin
901 1334 1023 1407 Baetica
1036 1352 1150 1425 erant,
1166 1361 1326 1433 magnum

366 1441 484 1514 lecum
503 1445 550 1536 M.
573 1442 752 1514 Terentius
772 1444 905 1530 Varro,
926 1442 1078 1538 Pompeii
1102 1444 1249 1542 legatus,
1262 1470 1327 1518 nu·

366 1574 498 1623 merum
517 1549 674 1636 habebat,
687 1548 746 1620 fibi
763 1547 930 1642 adjunxit.

417 1664 493 1762 Post
504 1665 583 1746 bne,
601 1691 622 1731 a
638 1661 829 1730 bibliothecis
848 1662 1068 1752 comparandis
1084 1685 1174 1753 atque
1187 1665 1326 1755 digeren·
1462 1657 1472 1681 χ

367 1773 420 1841 dis
436 1769 636 1864 Castorifuit.
654 1773 823 1848 Suetonius
840 1773 877 1838 in
896 1772 1012 1861 Crescere
1033 1798 1101 1864 cap.
1119 1768 1327 1861 44:13iblio·

370 1881 482 1953 thecas
508 1882 645 1952 Graecas
667 1880 705 1951 δι
728 1879 880 1967 Latinas,
903 1903 986 1975 quas
1010 1879 1173 1950 maximas
1199 1877 1326 1973 pollet,

370 1989 561 2084 publicare,
582 1989 657 2059 data
677 1990 725 2059 M.
748 1985 897 2059 Varroni
919 2010 1000 2058 cura
1023 1987 1326 2079 comparandarum

370 2123 409 2171 ac
423 2099 685 2197 digerendatum.
697 2098 834 2197 lstdonts
850 2096 1047 2194 Hispalenfis
1061 2099 1115 2166 lib.
1129 2100 1158 2167 6
1171 2100 1326 2189 originum
1439 2130 1441 2137 ·

372 2238 440 2303 cap.
465 2214 508 2280 5:
533 2211 654 2280 Romae
675 2207 802 2303 primus
830 2204 995 2276 librorum
1027 2200 1162 2298 copiam
1185 2203 1328 2274 advexit

372 2317 526 2389 AEmilius
543 2316 693 2403 Paullus,
716 2312 811 2386 Perse
830 2296 1057 2385 Macedonum
1074 2313 1150 2407 rege'
1168 2309 1327 2399 devicto,

371 2426 492 2498 deinde
513 2423 671 2499 Lucullus
693 2448 711 2495 e
728 2421 869 2501 Pontica
893 2421 1015 2518 praeda.
1036 2420 1114 2492 Post
1135 2420 1198 2492 hos
1214 2419 1327 2492 Caesar

371 2531 461 2603 dedit
479 2534 527 2604 M.
545 2531 693 2604 Varroni
706 2529 900 2627 negotium,
917 2527 1011 2601 caula
1033 2527 1179 2600 maxime
1198 2526 1341 2619 biblio·v

370 2641 475 2715 thecae
499 2641 743 2715 construendae.
760 2639 909 2714 Primum
928 2657 1040 2714 autem
1061 2640 1181 2712 Roma
1199 2639 1326 2715 biblio-

370 2753 481 2825 thecas
501 2751 699 2846 pttblicavit.

419 2865 453 2932 C.
472 2863 561 2933 Julio
577 2862 691 2951 Cceflrrc
710 2862 786 2944 Ill,
807 2862 856 2932 M.
871 2864 1009 2942 'AErrrilio
1029 2862 1146 2952 lepido
1171 2857 1252 2955 Coff
1262 2874 1327 2930 ani

371 2998 412 3045 no
430 2973 526 3040 Urbis
545 2995 642 3067 707,
656 2974 766 3041 mundi
776 2995 895 3066 3904,
915 2973 964 3040 M.
987 2973 1145 3041 Terentius
1163 2974 1261 3038 Varro
1273 2973 1326 3042 M.
1367 3011 1373 3023 ·

371 3083 463 3151 Bruti
475 3081 671 3173 proconsulis
683 3084 716 3149 in
735 3081 847 3150 Gallio
858 3077 1072 3180 questorfuit.
1098 3081 1200 3149 Cicero
1219 3080 1272 3148 lib.
1291 3106 1301 3146 r
1301 3104 1327 3175 3

370 3188 602 3277 familiarium,
615 3189 696 3286 epist.
712 3216 746 3260 to
761 3194 807 3258 od
818 3192 867 3260 M.
882 3191 1035 3287 Brutum:
1048 3189 1137 3259 Cum
1150 3184 1191 3257 ad
1205 3203 1237 3258 te
1248 3206 1326 3258 tuus

372 3294 517 3390 quaellor
531 3299 578 3367 M.
595 3299 705 3367 Varro
719 3293 1008 3391 proficisceretur,
1028 3295 1326 3369 commendatione

371 3426 448 3474 eutn
466 3428 560 3499 egere
578 3430 649 3476 non
664 3408 831 3498 putabam.
847 3407 931 3479 Satis
945 3406 1033 3477 enim
1049 3407 1328 3490 commendatum¹
1420 3465 1423 3470 .

369 3509 431 3582 tibi
448 3535 524 3583 eum
538 3515 720 3587 arbitrabar
737 3515 778 3610 ab
797 3513 870 3607 ipso
888 3539 983 3587 more
1000 3512 1186 3604 majorum,
1200 3515 1269 3611 qrri,
1283 3527 1324 3585 ut
1378 3604 1380 3608 y

368 3637 402 3692 te
416 3646 486 3692 non
500 3620 604 3719 fugit,
619 3624 705 3719 hanc
718 3621 892 3717 quaesturae
904 3621 1177 3714 conjunblionem
1196 3624 1324 3694 libero·
1435 3677 1438 3684 .
1500 3604 1503 3615 ⁴

347 3752 443 3802 sum
470 3730 697 3802 necellrtudini
722 3730 910 3824 proximam
936 3730 1048 3802 voluit
1068 3731 1141 3802 elle.
1158 3731 1222 3800 Sed
1245 3753 1322 3800 cum

368 3839 429 3912 fibi
448 3840 495 3913 ita
509 3842 709 3937 perluasrllet
728 3841 924 3936 ipse,meas
948 3844 989 3913 de
1010 3841 1042 3912 le
1064 3859 1218 3913 accurate
1242 3832 1347 3910 scri-'

368 3966 441 4043 ptas
460 3949 571 4022 literas
585 3949 769 4023 maximum
786 3951 875 4047 apud
893 3970 927 4020 te
944 3947 1078 4045 pondus
1096 3942 1286 4035 habituras,
1301 3967 1322 4017 a
