3509 5084
452 539 496 602 26
595 535 643 605 M.
691 521 1036 604 P'oRctth
1077 528 1290 604 ‘CATO

449 679 615 760 foramina
635 686 764 780 majora
786 685 887 775 fiant,
903 714 973 783 quo
991 687 1122 783 cupulae
1141 688 1337 763 minuscula
1356 686 1412 758 in-

446 794 577 869 dentur.
591 798 722 892 Cupam
733 849 745 885 ,
758 820 824 893 qua
837 795 898 869 lini
913 797 949 868 in
964 798 1138 870 modiolos
1156 799 1237 888 erit,
1253 798 1413 893 utrinque

446 901 541 975 secus
562 904 761 978 imbricibus
780 904 897 976 ferreis
917 925 1068 1002 quatuor
1088 906 1412 992 desues,ibi'utrin·

445 1037 513 1108 que
530 1012 623 1087 secus
643 1013 767 1104 facito,
779 1013 841 1111 qui
860 1011 951 1113 ligas.
969 1014 1126 1090 imbrices
1144 1017 1270 1089 medias
1290 1017 1413 1089 clavu-

446 1124 488 1196 lis
502 1121 609 1224 figito
622 1127 727 1222 Supra
741 1127 900 1201 imbrices
914 1126 1119 1201 extrinsecus
1135 1153 1255 1225 cupam
1271 1145 1415 1223 pertun·
1430 1189 1434 1200 .

446 1235 536 1324 dito,
551 1263 618 1335 qua
638 1238 756 1311 clavus
770 1255 843 1325 eat,
857 1235 919 1334 qui
933 1239 1053 1311 orbenl
1068 1237 1194 1313 cludat.
1207 1237 1343 1335 Insuper
1356 1235 1413 1307 fo·

447 1369 563 1417 tamen
583 1344 755 1424 librarium
777 1345 925 1418 ferreum
947 1346 1071 1443 digitos
1085 1346 1140 1441 sex
1155 1346 1260 1431 latum
1279 1344 1415 1432 indito,

447 1455 618 1551 pertusum
650 1477 832 1552 utrumque
860 1457 955 1530 secus
985 1482 1051 1554 qua
1084 1457 1205 1531 clavus
1232 1474 1295 1530 eat.
1328 1459 1415 1528 Haec

447 1565 564 1639 omnia
586 1563 659 1658 ejus
683 1565 731 1636 rei
759 1566 851 1638 causa
876 1563 982 1649 fiunt,
1005 1563 1057 1637 uti
1080 1589 1123 1637 ne
1143 1591 1229 1660 cupa
1244 1566 1281 1637 in
1305 1564 1416 1659 lapide

412 1688 416 1695 '
447 1690 655 1746 conteratur.
674 1671 828 1744 Armillas
844 1695 898 1746 tv.
911 1672 1037 1762 facito,
1049 1697 1131 1770 quas
1146 1673 1274 1746 circum
1292 1675 1414 1744 orbem

447 1776 564 1866 indas,
584 1803 626 1850 ne
647 1783 793 1875 cupa&
817 1779 936 1854 clavus
958 1781 1415 1854 conterantur.tlntrinlecus

448 1915 571 1985 cupam
597 1889 735 1963 materia
757 1890 867 1962 ulmea
893 1912 952 1965 aut
978 1889 1109 1986 faginea
1132 1888 1251 1965 facito.
1275 1894 1416 1962 Ferrum

448 1999 591 2089 sartum,
606 1999 702 2098 quod
725 2020 813 2099 opus
839 2000 925 2090 erit,
949 1999 999 2072 uti
1019 1996 1220 2073 idemfaber
1240 1996 1328 2095 figat.
1349 1995 1418 2071 Hs.

450 2130 512 2184 tx.
535 2131 623 2204 opus
648 2106 747 2197 sunt,
766 2131 846 2180 cum
868 2107 1044 2202 plumbum
1061 2106 1190 2202 cupam
1213 2106 1322 2179 'emito
1348 2107 1416 2181 HS.

448 2240 504 2291 tv·
524 2243 644 2314 cupam
661 2215 719 2315 qui
737 2216 943 2300 concinnet,
963 2217 1000 2289 &
1018 2215 1194 2287 modiolos
1217 2212 1276 2309 qui
1300 2213 1417 2300 indat,
1440 2278 1443 2284 .

449 2330 487 2402 δι
508 2325 681 2423 plumbet,
704 2350 824 2421 operas
836 2323 923 2397 fabri
937 2321 1110 2399 dumtaxat
1128 2325 1199 2424 ᾖ·
1216 2347 1300 2396 vtu.
1324 2325 1417 2397 ldern

448 2444 616 2532 trapetum
643 2453 782 2528 oportet
802 2435 1051 2508 accommodet.
1073 2438 1212 2509 Summa
1234 2434 1332 2506 sum'ti
1360 2435 1417 2533 ᾗ

448 2565 573 2616 txxtr.
598 2560 721 2638 praeter
739 2539 928 2631 adjutores.

497 2653 805 2749 XXlI.Tntpetum
825 2653 894 2725 hoc
914 2653 1021 2726 morlo
1038 2655 1299 2734 accommodare
1312 2678 1419 2748 opor·

391 2829 394 2837 .
449 2780 509 2843 tet.
527 2762 668 2835 librator
689 2760 739 2832 uti
754 2758 914 2833 statuatur
935 2761 1072 2867 pariter.
1091 2764 1135 2835 ab
1152 2762 1253 2837 labris
1275 2763 1418 2860 digitum

448 2872 627 2947 minimum
654 2872 774 2947 orbem
796 2868 905 2973 abell'e
918 2890 1074 2969 oportet.
1095 2862 1141 2971 ab,
1161 2874 1236 2946 solo
1261 2875 1417 2946 mortarii

450 2983 551 3057 orbes
573 3002 697 3056 cavere
718 2996 877 3075 oportet,
902 3004 945 3052 ne
970 2979 1053 3078 quid
1073 2980 1276 3059 mortarium
1296 2999 1419 3058 terant.

403 3086 425 3119 ²
449 3094 541 3163 Inter
563 3087 682 3161 orbern
697 3135 709 3173 ‚
724 3089 762 3161 δι
777 3085 959 3159 miliarium
975 3108 1085 3161 unum
1099 3084 1239 3184 digitum
1264 3086 1418 3161 interelle

449 3214 599 3294 oportet.
623 3195 647 3267 st
661 3196 738 3292 plus
753 3196 927 3285 intererit,
939 3213 1039 3291 atque
1058 3198 1159 3269 orbes
1179 3193 1324 3267 nimium
1339 3199 1418 3270 abe·

432 3324 550 3396 runt,
564 3302 638 3376 funi
654 3303 894 3402 circumligato
908 3300 1088 3375 miliarium
1101 3304 1190 3376 arcte
1205 3305 1352 3395 crebro,
1367 3304 1419 3378 uti

451 3418 600 3522 expleas(
614 3417 708 3514 quod
739 3415 880 3489 nimium
908 3412 1053 3487 interest.
1085 3413 1120 3486 Si
1145 3415 1247 3487 orbes
1278 3417 1418 3490 altiores

450 3550 571 3619 erunt,
583 3545 685 3622 atque
698 3526 841 3600 nimium
855 3524 1057 3598 mortarium
1065 3523 1226 3599 deorsum
1240 3544 1345 3614 teret,
1360 3551 1420 3598 or·
1506 3612 1508 3618 Ι

450 3639 586 3715 biculos
603 3637 734 3735 ligneos
755 3637 912 3734 pertusos
924 3638 959 3709 in
978 3636 1229 3727 miliarium,in
1249 3637 1419 3711 columel·
1507 3656 1517 3671 ··

452 3751 519 3827 lam
542 3749 747 3847 suppunito,
769 3774 813 3822 eo
830 3747 1044 3820 latitudinem
1069 3765 1269 3844 temperato.
1286 3746 1419 3819 Eodem

452 3864 561 3936 modo
591 3858 802 3935 altitudinem
833 3855 998 3932 orbiculis
1024 3858 1168 3955 ligneis,
1193 3876 1249 3928 aut
1277 3857 1419 3929 armillis

454 3968 570 4049 ferreis
591 3987 803 4076 temperato,
826 3966 929 4066 usque
952 3966 1032 4041 dum
1053 3969 1142 4042 recle
1163 3967 1418 4063 temperabitur.
