3509 5084
433 560 594 621 mum
693 545 1049 614 ·INDEX

556 702 681 773 nienfis‚
691 701 738 776 qui
753 701 780 760 ἀ
795 700 820 758 ei
836 699 970 776 prefatus
982 699 1022 759 est
1035 698 1070 759 ad
1083 698 1298 768 Ferdinandum
1313 702 1394 764 ilun.

557 784 641 859 gariae
658 785 685 842 dt
701 778 848 841 Bohemiae
866 799 972 858 regem.
991 778 1058 840 Fuit
1076 798 1142 840 cum
1167 785 1244 843 notis
1263 784 1345 845 MSS.
1365 785 1396 842 in

555 862 628 924 bibl.
647 860 869 930 Almeloveenii,
888 863 957 922 teste
976 862 1130 922 Fabricio:
1148 862 1220 923 item
1238 884 1305 924 cum
1324 864 1397 924 anti-

460 996 465 1007 .
558 945 691 1023 quilsrmo
710 942 874 1018 Corbejenir
890 949 917 1007 da
935 944 1055 1020 optimae
1074 956 1149 1004 nota
1166 943 1285 1017 codice,
1305 947 1397 1005 literis

558 1025 720 1088 uncialibus
746 1040 860 1088 exarato
884 1025 976 1106 (licet
994 1025 1103 1086 lacunis
1126 1023 1278 1086 hincinde
1299 1027 1398 1086 defor-

559 1113 663 1184 mato)
681 1103 784 1166 collata
801 1106 831 1166 in
851 1108 991 1167 Gudiana.

444 1207 519 1272 1529
560 1190 702 1270 Parifina,
719 1189 834 1267 Ascenfii
851 1187 913 1271 Ill,
928 1186 981 1247 fol.
1001 1187 1203 1249 venundantur
1213 1189 1326 1262 Jodoco
1345 1188 1399 1249 Ba-

562 1271 611 1333 dio
631 1272 760 1351 Ascerfio.
774 1269 862 1343 Cato,
878 1269 987 1341 Varro,
1006 1268 1184 1342 Columella,
1199 1269 1349 1332 Palladius.
1361 1270 1397 1329 ln

561 1353 619 1414 hac
636 1352 681 1412 ed.
704 1351 911 1427 promittuntur
928 1352 957 1408 in
978 1349 1057 1409 tituli
1073 1351 1177 1425 pagina
1196 1352 1288 1412 aversa
1309 1351 1396 1411 etiam

563 1432 671 1495 scholia
690 1431 776 1517 Codri
791 1433 822 1491 in
838 1431 996 1493 Palladium
1014 1431 1053 1490 de
1069 1432 1217 1505 mitione,
1233 1453 1295 1510 quae
1313 1435 1341 1493 in
1358 1432 1397 1491 ‘li-

562 1515 615 1574 bro
633 1513 694 1590 ipso
712 1532 774 1572 non
793 1503 905 1574 dantui.
921 1512 1054 1587 Sequitur
1072 1511 1200 1588 alioquin
1220 1515 1279 1574 fere
1292 1514 1399 1573 letiam

562 1594 637 1656 Aldi.
652 1587 826 1670 Argumenta
845 1598 872 1654 sc
893 1594 1025 1670 quaedam
1045 1595 1195 1656 varietates
1215 1609 1350 1663 notantur
1368 1597 1398 1653 in

563 1675 708 1753 margine:
727 1694 824 1750 paucae
836 1675 1037 1735 annotationes
1057 1675 1161 1752 pagina
1173 1678 1303 1752 proxima
1315 1700 1331 1734 a
1344 1677 1397 1736 Ca·

437 1812 440 1819 .
564 1758 641 1817 tonis
660 1755 765 1817 initiis:
787 1756 985 1832 praebitionem
1004 1755 1092 1815 habet
1107 1755 1233 1829 Jucundi
1252 1758 1399 1816 Veronen-

565 1838 616 1910 sis,
628 1840 654 1897 u
664 1855 745 1907 earn,
761 1856 848 1913 quam
866 1828 939 1897 libro
950 1839 986 1897 de
999 1836 1152 1898 llrboribus
1164 1837 1284 1913 praefixit
1299 1837 1398 1898 llldus.

448 1937 521 2002 1533
564 1920 687 1997 Parifina
706 1918 763 1988 lv,
785 1918 836 1980 fol.
865 1919 942 1994 apud
968 1917 1122 1980 Galeonrm
1139 1939 1155 1978 a
1175 1919 1277 1993 Prato,
1293 1919 1321 1978 in
1337 1918 1403 1978 nula

566 2005 676 2075 majore
692 1999 774 2075 Regii
791 1997 910 2072 Palatii,
928 2000 965 2060 ad
983 2000 1105 2075 primam
1125 1999 1308 2061 columnam:
1322 1998 1401 2076 prelo
1427 2062 1429 2067 ,

566 2083 687 2145 Antonii
707 2081 859 2160 fingerem,
877 2083 1012 2158 impenlrs
1033 2094 1129 2141 autem
1146 2081 1265 2156 joannis
1281 2081 1361 2142 Parvi
1375 2083 1403 2141 dt

568 2160 681 2234 Galeoti
696 2182 712 2222 a
727 2162 819 2222 Prato.
838 2162 929 2234 Cato,
943 2164 1050 2236 Varro,
1063 2162 1237 2239 Columella,
1250 2162 1400 2224 Palladius.

569 2244 636 2306 Fuit
654 2246 685 2303 in
707 2241 887 2321 bibliotheca
904 2244 1079 2305 Boiliana'n.
1091 2243 1177 2322 2838.
1200 2244 1286 2306 Eli&
1305 2244 1403 2319 Lipliae

566 2325 598 2386 in
607 2325 746 2397 Kabana,
756 2324 901 2401 adscripta
913 2325 1036 2387 Goeirani
1047 2326 1155 2385 codicis
1166 2327 1303 2386 varietate
1316 2343 1403 2384 manu
1479 2390 1481 2396 ¹

559 2407 634 2481 ·Jani
648 2404 825 2467 Broukhufii.
836 2407 958 2467 Videtur
966 2418 1062 2465 autem
1073 2425 1109 2465 ex
1121 2404 1176 2464 alie
1185 2407 1288 2467 referre
1303 2405 1405 2466 Ascen-

569 2487 675 2546 stanum
697 2505 789 2564 1529,
807 2485 948 2561 descripta
966 2488 1053 2546 etiam
1073 2505 1145 2544 vana
1162 2484 1211 2544 illa
1227 2486 1404 2547 scholiorum

569 2566 656 2627 Codri
672 2564 864 2639 promiffione.
882 2567 939 2628 Sed
957 2567 1099 2642 margines
1121 2564 1169 2626 hic
1189 2568 1271 2626 vacui
1290 2566 1362 2625 sunt.
1402 2630 1404 2635 ,

446 2645 710 2718 .--V,enetiis‚
725 2644 832 2702 Aldina
851 2645 896 2720 II,
908 2670 934 2722 4.
951 2645 1077 2706 [8mal.
1088 2647 1165 2722 apud
1181 2647 1291 2708 Aldum.
1311 2647 1404 2719 Catu,

565 2726 680 2798 Varro,
711 2722 899 2800 Columella,
932 2725 1082 2787 Palladius.
1115 2727 1263 2804 Repetitio
1291 2723 1431 2787 Aldinae'

552 2844 555 2868 r
591 2825 681 2867 lions.
1127 2864 1130 2869 .

410 2924 415 2933 ·
451 2911 527 2976 1534
568 2826 632 2965 aba
657 2886 734 2964 apud
760 2888 897 2950 eundem.
921 2885 949 2948 8.
975 2886 1065 2964 Cato,
1089 2888 1198 2962 Varro,
1223 2886 1404 2958 Columella,

484 3007 487 3015 ·
568 2969 722 3030 Palladius.
739 2968 918 3031 Memoratur
934 2969 964 3028 in
981 2969 1042 3032 Cat.
1061 2969 1192 3031 Hulsran.
1208 2989 1238 3031 n.
1253 2990 1342 3051 4079.
1355 2967 1406 3029 sed

568 3051 709 3113 Gesnerus
726 3070 785 3110 non
801 3051 939 3125 dubitat,
959 3053 1028 3128 quin
1045 3051 1077 3112 srt
1097 3053 1218 3128 eadem,
1235 3069 1323 3130 quarn
1343 3070 1408 3110 mo·

526 3191 529 3195 .
566 3133 606 3192 do
625 3131 816 3194 laudavimus.

453 3233 525 3298 ¹535
567 3214 718 3292 Bafilienfis
731 3212 776 3285 Il,
795 3213 812 3272 8
831 3208 898 3272 mali.
915 3210 972 3285 [4.
981 3213 1059 3289 apud
1077 3213 1123 3287 Jo.
1137 3213 1310 3294 Heruagium.
1323 3213 1407 3288 Cat0,

567 3295 674 3367 Varro,
691 3292 869 3366 Columella,
888 3291 1039 3355 Palladius.
1056 3296 1100 3356 lld
1115 3293 1250 3356 Aldinanr
1268 3293 1404 3372 exprella.

566 3396 593 3438 v.
608 3375 734 3438 lilaittar.
747 3377 822 3437 linn.
838 3388 896 3454 typ·
909 3375 945 3438 T.
957 3373 999 3450 ll,
1009 3395 1037 3454 p.
1046 3375 1150 3452 824&
1161 3375 1292 3456 Freytag.
1304 3377 1409 3454 Adpar.

569 3457 642 3520 liter.
658 3455 721 3520 Vol.
737 3456 783 3532 ll,
797 3477 825 3535 p.
848 3456 933 3540 1338.
1003 3520 1007 3531 ,
1080 3536 1081 3540 ¹

448 3542 707 3618 -Lttgdunn
725 3539 753 3600 8.
771 3539 848 3616 apud
865 3537 971 3603 Sebast.
987 3538 1145 3622 Gryphium.
1163 3540 1299 3616 'Ejusfuit
1312 3556 1408 3597 enem-

519 3680 522 3685 ,
570 3619 632 3698 piar
651 3621 729 3695 apud
748 3621 922 3694 Gesnerum‚
938 3641 997 3681 uno
1011 3621 1159 3682 volumine
1169 3623 1326 3690 Catonem,
1339 3618 1408 3675 Var-

569 3720 690 3774 ronem,
711 3699 873 3761 Palladium
897 3701 1102 3776 complexum:
1126 3721 1183 3762 nec
1200 3703 1236 3766 de
1255 3698 1342 3758 altero
1362 3710 1408 3755 to·

568 3803 638 3857 mo,
663 3781 712 3856 qui
734 3779 928 3840 Columellam
953 3797 1020 3840 cum
1044 3782 1149 3858 Geotg.
1172 3777 1408 3843 Alexandrini&

401 3912 415 3938 ,
568 3860 703 3926 Beroaldi
729 3858 969 3935 explicationibus
995 3863 1022 3921 ἅ
1047 3858 1274 3922 enarrationibus
1298 3857 1408 3919 habere

467 3979 470 3984 ·
570 3943 681 4004 soletin
692 3939 862 4018 Gryphianis
879 3938 1135 4015 &Stephanianis,
1152 3938 1311 4000 dubitabat.
1324 3941 1408 4000 Non·

573 4025 645 4088 dum
661 4023 709 4086 hic
724 4022 759 4086 fit
774 4021 884 4085 mentio
902 4020 1038 4086 Victorii:
1056 4040 1150 4100 neque
1168 4019 1328 4097 quidquam
1337 4041 1407 4099 pra.
