3509 5084
481 560 1102 641 nnunnusrrcntmu.
1205 576 1273 638 121*
1366 538 1372 547 “
1469 640 1472 661 ,

316 725 351 797 in
366 722 474 796 Gallia
492 723 567 794 satis
587 721 672 810 suit,
686 745 759 791 non
779 721 946 795 continuo
962 720 1049 794 idem
1070 721 1104 793 in
1124 748 1205 821 agro
1219 718 1275 798 Li·

317 835 445 931 gustico
459 852 634 905 montano.
656 835 770 926 ltaque
783 832 824 903 de
839 831 975 904 samiliae
995 834 1276 931 magnitudine&

316 947 449 1042 reliquo
468 945 690 1017 instrumento
710 945 978 1018 commodissime
998 945 1100 1039 scies,
1114 967 1276 1044 quantum
1316 936 1320 945 ⁸

316 1082 429 1156 pares,
443 1056 467 1126 s1
481 1057 542 1126 tria
557 1057 831 1129 animadverteris
845 1058 1033 1159 diligenter.
1049 1063 1086 1130 ln
1102 1058 1278 1132 vicinitate

315 1168 441 1265 praedia
462 1164 651 1259 cujusmodi
671 1167 753 1253 sint,
766 1169 804 1241 δι
818 1189 960 1264 quanta,
984 1171 1023 1242 δι
1036 1187 1123 1265 quot
1135 1180 1285 1266 quaeque'

316 1275 512 1349 hominibus
539 1275 719 1357 colantur;
747 1277 786 1348 δι
814 1294 902 1372 quot
934 1277 1053 1349 additis
1081 1277 1194 1373 ope'ris
1220 1286 1279 1349 aut'

317 1384 437 1457 demtis
451 1383 590 1472 melius,
605 1401 661 1469 aut
674 1381 820 1456 deterius
838 1376 959 1456 habeas
981 1383 1119 1458 cultum.
1141 1382 1277 1458 Biuium

317 1493 408 1565 enim
423 1490 521 1563 nobis
536 1491 576 1563 ad
591 1491 753 1565 culturam
768 1493 860 1564 dedit
872 1514 1010 1583 natura,
1024 1496 1278 1590 experientiam,

320 1606 359 1676 &
391 1602 625 1675 imirationem.
662 1601 890 1699 Antiquissimi
924 1605 1082 1700 agricola
1115 1608 1280 1679 tentando

319 1712 478 1807 pleraque
498 1710 875 1797 constituerunt,·liberi
894 1737 1015 1786 eorum
1037 1740 1189 1813 magnam
1205 1732 1281 1812 par-¹

318 1840 385 1890 tem
408 1818 582 1890 imitando.
607 1819 684 1888 Nos
707 1838 889 1914 utrumque
911 1821 1020 1894 facere
1044 1823 1225 1910 debemus,
1241 1825 1282 1897 δε

319 1926 442 1999 imitari
460 1927 567 2014 alim,
582 1928 620 1998 &
634 1924 736 1996 'aliter
758 1947 796 1998 ut
809 1926 970 1999 faciamus
984 1931 1190 2025 experientia
1203 1950 1281 2003 ten-

319 2056 391 2108 tare
411 2037 586 2131 quaedam3
603 2034 776 2128 sequentes
797 2059 869 2106 non
892 2035 1012 2122 aleam,
1033 2037 1088 2109 sed
1111 2039 1281 2112 rationem

320 2147 487 2244 aliquam:
503 2164 541 2219 ut
557 2145 580 2217 st
601 2144 700 2216 altius
721 2144 1052 2241 repastinaverimus,
1066 2168 1123 2220 aut
1144 2148 1280 2240 minus,

319 2281 420 2352 quam
439 2254 517 2343 alii,
539 2255 635 2353 quod
656 2275 869 2328 momentum
889 2279 927 2327 ea
950 2279 1002 2328 res
1025 2257 1152 2330 habear.
1171 2275 1209 2330 ut
1228 2256 1281 2330 se·

320 2384 439 2438 cerunt
452 2363 476 2435 ii
488 2417 500 2454 ‚
512 2364 548 2435 in
561 2363 714 2438 sariendo
727 2364 869 2453 iterum,
886 2366 923 2438 δι
938 2365 1064 2454 tertio,
1080 2371 1118 2440 δι
1131 2367 1190 2463 qui
1202 2366 1282 2438 infi-

266 2542 275 2557 ,
320 2475 431 2547 tiones
451 2467 594 2549 ficulnas'
613 2500 656 2548 ex
682 2497 793 2550 verno
807 2494 961 2576 tempore
974 2475 1010 2546 in
1024 2475 1176 2550 aellivum
1194 2500 1281 2554 con-

320 2587 483 2661 tulerunt.
1194 2558 1199 2597 ⁸

370 2698 466 2770 XlX.
488 2696 545 2769 De
559 2693 687 2796 reliqua
711 2714 803 2794 parte
823 2694 1050 2786 instrumenti,
1065 2696 1160 2793 quod
1183 2694 1285 2775 semin

267 2892 270 2897 ,
323 2809 444 2882 vocale
459 2809 660 2905 appellatur,
674 2807 808 2879 Saserna
822 2808 865 2879 ad
876 2807 990 2903 jugera
1005 2825 1054 2877 cc
1067 2803 1159 2891 arvi,
1175 2805 1283 2876 boum

268 2902 271 2907 ¹
321 2917 400 3016 juga
421 2919 490 2991 duo
510 2918 585 2989 satis
610 2917 673 2988 esse
696 2916 818 2989 scribit.
844 2918 934 2987 Cato
958 2914 994 2981 in
1017 2911 1156 2982 olivetis
1180 2930 1282 2983 ccxi

322 3024 496 3123 jugerum,
514 3026 622 3095 boves
637 3022 755 3093 trinos.
780 3020 825 3092 ita
839 3017 899 3107 fit,
914 3037 952 3091 ut
964 3017 1099 3090 Saserna
1113 3017 1201 3090 dicat
1219 3042 1284 3090 ve·
1331 3053 1333 3058 ·

323 3160 418 3224 rum,
433 3136 475 3208 ad
499 3150 634 3208 centum
652 3129 767 3228 jugera
786 3127 902 3229 jugum
922 3150 1008 3224 opus
1028 3126 1092 3199 effe
1103 3127 1152 3216 ,fi
1173 3129 1285 3214 Cato,

322 3242 364 3314 ad
384 3234 646 3341 ociogenaqSed
670 3263 734 3338 ego
756 3256 914 3310 neutrum
933 3235 1057 3307 horum
1080 3236 1121 3307 ad
1143 3259 1286 3313 omnem
1314 3259 1319 3269 ·

324 3375 442 3446 agrum
463 3349 650 3422 convenire
673 3349 832 3444 puto,&
854 3364 1036 3439 utrumque
1058 3345 1100 3416 ad
1122 3345 1301 3443 aliquem·¹
1402 3419 1404 3424 ,

323 3459 389 3531 alia
413 3455 503 3527 enim
524 3473 610 3526 terra
631 3455 766 3526 facilior
782 3472 839 3525 aut
852 3450 1024 3523 difficilior
1043 3449 1090 3521 est
1103 3451 1177 3525 alia.
1199 3453 1285 3529 Ter-j
1385 3488 1399 3505 ·

323 3592 395 3640 ram
424 3562 532 3635 boves
559 3563 772 3658 proscindere
804 3559 864 3631 nisr
895 3557 1022 3654 magnis
1047 3559 1180 3632 viribus
1210 3585 1283 3633 non

325 3674 481 3772 possunt,
496 3675 533 3746 &
552 3670 637 3766 saepe
650 3668 749 3742 sraela
767 3671 849 3741 bura
863 3665 1058 3764 relinquunt
1074 3690 1231 3740 vomeres
1245 3669 1285 3740 in

326 3808 424 3856 arvo.
438 3786 522 3876 Quo
536 3780 736 3877 sequendum
752 3778 850 3851 nobis
862 3777 898 3849 in
911 3776 1043 3875 singulis
1055 3768 1187 3864 fundis,
1200 3777 1283 3847 dum

326 3890 439 3964 sumus
463 3880 616 3976 novicii,
639 3887 762 3984 triplici
788 3887 924 3984 regula,
947 3884 1125 3983 superioris
1150 3880 1283 3955 do'mini

325 3997 502 4093 instituto,
527 4001 565 4075 &
594 3994 805 4090 vicinorum,
829 3999 868 4072 &
897 3991 1102 4092 experientia
1126 3989 1281 4088 quadam.
