3509 5084
605 526 677 598 ua
703 526 771 597 aa
795 523 1057 597 uusrtcn
1081 526 1178 596 mu
1204 527 1230 599 1.
1328 551 1398 624 ηρ

436 709 492 758 eas
512 684 596 756 sieri.
616 684 794 758 Praefeuos
815 685 996 756 alacriores
1017 681 1211 754 faciundum
1226 685 1400 779 praemiis:
1507 763 1510 770 ,

436 776 612 892 dandaqire
632 820 735 892 opera
750 850 761 883 ,
777 813 812 865 ut
829 796 974 866 habeant
995 795 1161 889 peculium
1176 848 1186 883 ,
1201 796 1237 868 ὅ(
1252 794 1403 888 conjun-

436 904 504 976 slas
527 902 729 990 conservas,
757 904 919 996 equibus
943 902 1085 974 hab-sant
1111 899 1210 973 filios.
1239 925 1282 973 eo
1309 902 1400 975 enim

435 1008 522 1082 fiunt
535 1009 719 1097 firmiores,
731 1035 769 1083 ac
783 996 1035 1102 cbnjunsliores
1049 1009 1168 1081 fundo.
1184 1018 1297 1105 ltaque
1314 1035 1398 1102 pro·

435 1135 510 1215 pter
532 1118 590 1190 has
612 1108 832 1214 cognationes
853 1117 1037 1212 Epirotica:
1063 1117 1197 1189 familiae
1218 1121 1292 1190 sunt
1317 1119 1400 1189 ὶΙΙιι.Ι

431 1224 566 1299 ssriores
584 1253 622 1300 ac
636 1227 793 1301 cariores.
815 1228 866 1298 Ad
884 1226 1102 1322 injiciendum
1120 1227 1331 1323 voluptatem
1346 1227 1400 1299 his

430 1336 636 1432 praefeslurae
647 1391 657 1426 ,
670 1337 805 1409 honore
817 1336 934 1434 aliquo
949 1338 1093 1410 habendi
1106 1336 1178 1409 sunt
1190 1339 1247 1410 2'&
1260 1339 1300 1408 de
1313 1361 1399 1432 ope·

433 1445 544 1536 ratiis,
555 1446 614 1542 qui
628 1447 830 1542 praestabunt
843 1450 958 1548 aliqui,
973 1450 1293 1523 communicandum
1308 1472 1396 1542 quo·

434 1582 500 1654 que
525 1583 601 1632 cum
630 1559 692 1649 iis,
717 1584 793 1657 quae
816 1560 972 1633 faciunda
997 1562 1072 1633 sunt
1096 1580 1209 1656 opera.
1235 1559 1327 1653 quod
1351 1558 1399 1630 ita

433 1690 510 1738 cum
532 1667 588 1756 sit,
607 1667 720 1740 minus
736 1660 902 1766 leputant
923 1669 1067 1767 despici,
1083 1688 1181 1766 atque
1197 1667 1311 1764 aliquo
1332 1693 1397 1736 nu·

430 1799 526 1847 mero
556 1775 671 1849 haberi
695 1801 712 1848 a
734 1778 889 1867 domino.
910 1773 1132 1852 studiosiores
1154 1779 1197 1850 ad
1219 1800 1304 1871 opus
1322 1773 1395 1848 fieri

430 1877 604 1953 liberalius
623 1882 817 1970 traslandn,
842 1904 899 1955 aut
922 1884 1073 1972 cibariis,
1096 1901 1154 1954 aut
1179 1883 1300 1954 veslitu
1327 1884 1397 1958 lar·⁴

431 1987 542 2083 giore,
557 2008 612 2061 aut
629 1991 819 2066 remissione
837 1995 973 2089 operis,
985 1994 1268 2081 concessionem,
1283 2011 1318 2063 ut
1333 2019 1395 2087 pe-

431 2099 555 2172 culiare
578 2098 703 2196 aliquid
730 2104 764 2172 in
783 2102 893 2175 fundo
917 2103 1049 2198 pascere
1069 2103 1187 2192 liceat,
1208 2121 1263 2173 aut
1279 2100 1395 2195 hujus·

431 2209 564 2280 cemodi
582 2234 693 2307 rerum
713 2211 806 2298 aliis,
821 2233 857 2285 ut
871 2213 994 2310 quibus
1016 2211 1097 2310 quid
1118 2211 1254 2307 gravius
1274 2209 1310 2282 sit
1329 2210 1394 2284 im·

429 2338 601 2413 peratum,
620 2346 676 2395 aut
700 2322 995 2413 animadversum,
1010 2321 1071 2420 qui
1094 2321 1305 2395 consolando
1329 2345 1393 2391 eo·

429 2450 504 2501 rum
527 2430 672 2504 restituat
692 2432 906 2506 voluntatem
926 2459 965 2508 ac
983 2430 1258 2507 benevolentiam
1274 2428 1308 2502 in
1325 2430 1392 2512 dn2

428 2562 572 2611 minum.

476 2649 601 2724 XVlll.
622 2651 679 2724 De
697 2651 850 2726 familia:
865 2655 955 2727 Caro
979 2653 1092 2752 dirigit
1106 2652 1147 2725 ad
1167 2653 1249 2725 duas
1265 2669 1392 2742 metasj
1421 2714 1429 2745 .,

427 2757 468 2828 ad
483 2777 611 2833 certum
634 2765 771 2836 modum
791 2766 881 2863 agri,
895 2771 932 2840 δι
947 2790 1052 2863 genus
1073 2763 1210 2835 sationis
1222 2816 1231 2846 ,
1244 2762 1391 2836 scribens

418 2868 468 2942 'de
488 2871 626 2946 olivetis
647 2876 684 2948 δι
701 2875 841 2963 vinetis,
860 2896 899 2947 ut
917 2880 1001 2949 duas
1021 2873 1192 2946 formulas.
1214 2897 1336 2956 unam,
1352 2872 1389 2944 in

426 3001 491 3075 qua
502 2981 668 3076 praecipir‚
677 2985 855 3076 quomodo
866 2982 1032 3053 olivetum
1045 2981 1112 3077 ag'ri
1125 2978 1272 3077 jugerum
1285 2999 1388 3051 ccxt.

425 3085 588 3160 instruere
607 3105 776 3183 oporteat.
798 3089 897 3162 Dicit
921 3088 1069 3161 enimin
1091 3112 1133 3159 eo
1162 3087 1268 3159 modo
1291 3088 1386 3178 haec,

424 3192 594 3295 mancipia
615 3218 688 3269 xm
709 3199 876 3287 habenda,
899 3198 1062 3286 vilicum,
1086 3195 1245 3284 usticam,
1263 3221 1389 3292 opera·

424 3302 496 3375 rios
513 3304 805 3396 v,bubulcosl11,
825 3308 1000 3382 asinarium
1022 3331 1048 3395 ι,
1069 3305 1240 3378 subulcum
1255 3327 1282 3392 1,
1305 3304 1387 3401 opi·

423 3409 551 3483 lionem
578 3434 603 3485 1.
625 3415 776 3488 Alteram
805 3417 987 3489 formulam
1010 3416 1122 3488 scribit
1146 3415 1187 3486 de
1208 3414 1387 3488 vinearum

423 3518 594 3618 jugeribus
618 3540 834 3617 centum‚·ut
857 3525 948 3596 dicat
968 3522 1083 3596 haberi
1107 3523 1386 3617 oporterebaec‚

425 3649 481 3700 xv
497 3627 678 3724 mancipia,
694 3631 846 3719 vilicum,
859 3634 1009 3720 vilicam,
1025 3633 1199 3729 operarios
1212 3652 1252 3718 x,
1266 3630 1386 3702 bubul-

426 3760 523 3824 cum,
536 3736 724 3827 asinarium,
736 3740 922 3816 subulcum,
936 3741 1072 3812 Saserna
1086 3738 1217 3827 scribit,
1232 3738 1305 3809 satis
1319 3734 1387 3808 esse

426 3847 466 3916 ad
480 3844 591 3945 jugera
606 3872 677 3921 vul
693 3850 864 3924 hominem
879 3877 983 3925 unum
995 3876 1052 3926 :ea
1066 3851 1186 3935 debere
1205 3872 1280 3942 eum
1296 3869 1385 3915 con·

418 3955 540 4032 ‚rodere
557 3961 673 4036 diebus
685 3962 928 4057 xuv,tametfi
948 3955 1243 4141 quaternislriiperis
1257 3952 1387 4052 singulo
1467 4045 1470 4055 ,

1175 4094 1199 4159 4
