3509 5084
398 579 471 681 '¹5⁶
542 580 593 655 Μ.
617 578 891 655 rsueurrr
916 573 1212 648 vrauouts

396 741 489 838 quod
513 741 550 814 &
569 739 638 834 ipse
664 739 837 836 pecuarias
863 737 965 809 habui
990 737 1153 833 grandes,
1175 735 1211 806 in
1237 734 1368 829 Apulia

395 849 561 938 orionas,
578 849 666 923 &in
681 848 827 920 Reatino
848 846 998 941 equarias
1012 873 1021 917 τ
1037 844 1167 942 [Qua]
1189 846 1229 916 de
1243 869 1278 916 re
1298 871 1364 941 pe-

394 957 508 1033 cuaria
526 958 675 1030 breviter
693 983 731 1030 ac
744 956 932 1029 summatim
947 980 1159 1051 percurram,
1177 959 1214 1027 δι
1228 955 1363 1028 sermo·

365 1146 370 1155 ,
393 1068 496 1139 nibus
511 1065 633 1137 nostris
653 1066 787 1138 collatis
799 1091 875 1138 cum
892 1065 955 1153 iis,
970 1064 1029 1160 qui
1044 1063 1213 1158 pecuarias
1229 1066 1363 1138 habue-

394 1195 475 1249 runt
491 1175 526 1245 in
547 1174 673 1268 Epeiro
686 1198 844 1272 magnas,
858 1191 929 1244 tum
946 1197 1023 1244 cum
1038 1170 1179 1264 piratico
1197 1171 1290 1242 bello
1304 1172 1362 1242 in-

393 1304 445 1358 ter
466 1283 594 1358 Delum
615 1283 819 1359 &Siciliam
833 1284 980 1357 Gtaeciae
1003 1281 1156 1356 classibus
1169 1281 1363 1377 ptaeeffeur,
1397 1327 1411 1356 ·

392 1395 552 1490 incipiam
574 1395 665 1469 hinc.
915 1472 925 1496 ,

449 1508 473 1576 s.
493 1507 580 1577 Cum
607 1507 757 1577 Menates
787 1502 995 1591 discessisset,
1013 1504 1217 1574 Cosstutus
1250 1501 1362 1601 mihi,

394 1615 471 1687 Nos
485 1633 518 1685 te
537 1638 607 1685 non
627 1614 855 1703 dimittemus,
871 1614 1006 1710 inquit,
1020 1633 1199 1708 antequam
1218 1611 1283 1685 tria
1300 1613 1361 1685 illa

391 1722 591 1820 explicatis,
611 1746 688 1818 quae
706 1748 859 1818 coeperas
875 1722 1128 1819 nuperdicere,
1148 1741 1228 1794 cum
1244 1722 1361 1796 sumus

391 1827 605 1924 interpellari.
630 1830 721 1921 Quae
740 1831 828 1916 tria,
847 1829 960 1928 inquit
982 1828 1195 1902 sturmus?
1216 1832 1272 1901 Αιι
1297 1855 1361 1909 ea,

386 1955 467 2035 'quae
485 1936 567 2008 mihi
590 1938 662 2008 heri
682 1938 793 2009 dixisti
808 1938 849 2010 de
871 1939 1049 2032 pastoricia
1071 1938 1134 2010 rei
1151 1937 1235 2028 Ista,
1256 1943 1361 2035 inquit

387 2053 467 2134 ille,
489 2054 565 2141 qula
586 2067 740 2142 coeperat
760 2047 817 2121 hic
842 2047 1016 2137 disserere,
1031 2072 1108 2143 quae
1129 2045 1209 2117 esset
1227 2047 1360 2144 origo,

387 2179 466 2250 quae
487 2153 652 2251 dignitas,
669 2181 747 2253 quae
768 2180 845 2242 ars;
871 2158 1083 2230 cumPetam
1108 2153 1227 2227 sessum
1250 2156 1360 2230 visere

388 2261 614 2352 venissemus,
633 2264 668 2335 ni
697 2264 819 2338 medici
841 2266 1016 2337 adventus
1029 2284 1103 2336 nos¹
1120 2263 1362 2358 interrupisset.

388 2373 463 2470 Ego
486 2396 595 2462 vero,
609 2379 762 2468 inquam,
779 2375 888 2450 dicam
901 2376 1092 2460 dumtaxat,
1107 2371 1204 2470 quod
1217 2373 1264 2444 est
1282 2385 1361 2448 sara·

387 2498 479 2575 pratu,
497 2478 537 2551 de
555 2482 684 2557 duabus
707 2485 805 2556 rebus
824 2483 967 2580 primis,
977 2508 1054 2579 quae
1073 2479 1213 2575 accepi,
1226 2479 1269 2552 de
1283 2479 1357 2552 ori·

388 2589 467 2682 gine
488 2591 525 2661 &
543 2589 716 2686 dignitate.
737 2593 778 2664 de
801 2593 899 2666 tertia
920 2612 1038 2688 parte,
1057 2590 1116 2663 ubi
1131 2590 1178 2661 est
1200 2590 1242 2660 de
1259 2609 1358 2682 arte,

388 2695 506 2768 Scrofa
538 2696 718 2796 suscipiet:
740 2719 777 2772 ut
800 2701 997 2798 semigraecis
1027 2699 1217 2797 pastoribus
1243 2698 1358 2775 dicam

388 2807 534 2895 (ime,
552 2853 672 2868 -—
684 2819 774 2901 Ἅσπές
790 2842 845 2902 μου
859 2825 968 2883 πολλὴν
983 2819 1113 2900 ἀμείνων.
1134 2808 1219 2880 Nam
1234 2806 1262 2877 is
1280 2831 1357 2877 ma·

322 2995 325 3002 ἢ
388 2913 487 3012 gister
503 2917 545 2988 C.
561 2914 685 2988 Lucilii
700 2916 800 3011 Hipri
816 2915 929 3013 generi
949 2917 1022 3003 tui,
1037 2916 1133 3010 cujus
1145 2913 1277 2990 nobiles
1291 2940 1355 3011 pe-

388 3021 510 3094 cuariae
534 3023 567 3094 in
583 3022 705 3094 Bruriis
725 3022 901 3097 habentur.
919 3023 984 3095 Sed
1004 3024 1077 3096 haec
1093 3024 1138 3097 ira
1152 3022 1285 3097 anobis
1298 3050 1355 3098 ac-

387 3127 544 3222 cipietis,
563 3130 673 3223 inquit
690 3131 866 3217 serora,
888 3152 924 3203 ut
939 3156 1004 3203 vos
1016 3184 1028 3222 ,
1042 3133 1116 3228 quis
1135 3133 1212 3206 estis
1227 3129 1353 3228 Epiro·

387 3237 447 3310 tici
463 3289 474 3324 ,
496 3235 644 3339 pecuarii
666 3238 825 3326 athletas,
842 3241 1104 3313 remuneremini
1120 3230 1208 3330 ri'os,
1224 3267 1265 3314 ac
1278 3268 1356 3339 quae

266 3440 269 3449 ,
386 3342 505 3430 scitis,
533 3341 711 3442 proferatis
738 3345 773 3417 in
795 3348 953 3422 medium.
980 3351 1093 3424 Nem'o
1118 3352 1209 3423 enim
1239 3354 1354 3426 omnia

387 3455 498 3554 potest
516 3456 607 3528 scire.
630 3459 719 3531 Cum
737 3458 932 3554 accepissem
947 3462 1202 3552 conditionem,
1217 3487 1255 3537 ut
1269 3490 1352 3538 mea:

257 3666 259 3671 Δ
384 3586 496 3663 partes
515 3567 619 3639 essent
639 3566 776 3663 primae,
794 3566 891 3666 (non
907 3595 979 3667 quo
996 3596 1069 3642 non
1091 3597 1156 3668 ego
1176 3575 1351 3667 pecuarias

384 3672 523 3748 initalia
542 3677 681 3749 habeam
696 3731 707 3763 ,
721 3676 775 3750 sed
789 3704 860 3750 non
875 3704 1013 3770 omnes,
1030 3680 1087 3776 qui
1101 3680 1227 3751 habent
1244 3681 1351 3753 citha·

385 3807 476 3871 ram,
497 3784 571 3857 sunt
591 3786 811 3884 citharoedi.)
833 3787 953 3884 igitur,
967 3794 1118 3884 inquam,
1138 3790 1354 3863 &homines

387 3898 548 3990 &pecua
563 3921 639 3968 curn
654 3895 782 3993 semper
799 3897 892 3971 fuisse
906 3898 943 3971 su
957 3899 1085 3972 necesse
1100 3920 1237 3989 natura,
1252 3899 1352 3998 (sive

388 4004 478 4077 enim
491 4006 629 4104 aliquod
642 4005 705 4082 fuit
716 4007 921 4107 principium
938 4010 1121 4110 generandi
1134 4009 1355 4103 auimasium,
