3509 5084
465 566 537 659 ua
562 587 627 658 aa
652 583 906 657 austrea
929 587 1024 660 rra.
1050 589 1076 660 1.
1183 614 1249 685 147

293 747 372 845 gitis
389 743 485 818 nudis
503 743 637 842 legitur,
661 768 764 840 quam
786 743 843 815 illa
866 769 943 839 quae
958 770 1035 817 curn
1052 744 1254 842 digitalibus.

293 857 432 931 durities
450 857 538 929 enim
555 879 675 926 eorum
691 879 763 925 non
779 854 885 938 solum
901 854 1030 952 stringit
1047 857 1183 945 bacam,
1198 857 1255 928 sed

289 968 395 1049 ,etiam
416 953 529 1038 'ramos
547 963 676 1062 glubit,
697 989 736 1036 ac
751 962 915 1061 relinquit
932 965 973 1035 ad
987 965 1178 1062 gelicidium
1201 992 1255 1039 re·

291 1076 409 1149 rectos.
428 1073 501 1166 Qui
513 1088 614 1145 manu
629 1072 720 1168 tangi
736 1095 809 1142 non
832 1091 1010 1165 poterunt,
1028 1074 1073 1145 ita
1086 1074 1179 1170 quati
1193 1075 1255 1147 de·

291 1185 396 1270 bent,
413 1202 449 1254 ut
470 1183 631 1273 arundine
654 1182 789 1277 potius,
811 1207 913 1278 quam
936 1181 1060 1277 pertica
1079 1182 1254 1258 feriantur.

292 1295 435 1393 gravior
448 1292 538 1365 enim
560 1293 653 1388 plaga
670 1291 838 1365 medicum
858 1292 989 1388 quaerit.
1013 1293 1084 1384 Qui
1104 1292 1254 1392 quatiet,

290 1430 339 1477 ne
355 1402 526 1476 adversam
546 1401 659 1474 caedat.
681 1402 765 1493 saepe
778 1401 867 1471 enim
883 1401 929 1472 ita
950 1402 1100 1496 perculsa
1115 1405 1190 1474 olea
1205 1405 1256 1476 se-

294 1539 376 1586 cum
392 1511 499 1585 defert
514 1512 555 1582 de
571 1511 704 1582 ramulo
718 1509 876 1606 plantam.¹
897 1536 970 1609 quo
987 1510 1094 1594 fano,
1109 1510 1255 1586 studium
1348 1521 1369 1607 Ἰ
1468 1498 1473 1510 ’
1506 1544 1510 1557 ·

295 1624 455 1697 amittunt
473 1621 597 1716 posteri
614 1621 705 1694 anni.
725 1641 762 1693 ut
786 1623 859 1692 haec
880 1646 950 1693 non
977 1620 1115 1693 milrima
1134 1622 1255 1716 (3313,

296 1732 392 1828 quod
406 1730 535 1802 oliveta
550 1729 661 1803 dicant
674 1729 811 1802 alternis
825 1731 919 1803 annis
932 1756 1004 1802 non
1019 1728 1104 1803 ferre
1117 1730 1256 1824 studius,
1308 1832 1310 1837 λ

296 1860 446 1913 autnon
466 1862 731 1936 aequemagnos.
756 1837 843 1909 Olea
863 1856 903 1923 ut
924 1865 992 1910 uva
1013 1839 1182 1941 peridem
1204 1842 1262 1913 bi·-

297 1949 395 2021 vium
412 1947 497 2020 redit
511 1945 696 2032 invidam,
712 1947 774 2018 alia
790 1947 830 2018 ad
847 1947 959 2019 cibum
977 1947 1130 2042 eligitur,
1142 1950 1206 2022 alia
1219 1971 1257 2026 ut

297 2058 500 2156 eliquescat,
515 2083 553 2129 ac
576 2080 647 2134 non
668 2053 775 2125 solum
795 2078 919 2150 corpus
938 2055 1026 2130 intus
1041 2076 1187 2152 unguet,
1202 2062 1258 2133 sed

296 2165 399 2242 etiam
421 2165 624 2239 extrinsecus
643 2162 781 2261 :itaque
799 2164 976 2236 dominum
996 2167 1034 2239 δι
1051 2167 1203 2258 balneas,
1218 2172 1259 2245 &
1349 2178 1353 2185 “

297 2277 509 2378 gymnasium
526 2274 686 2370 sequitur.
711 2275 810 2359 Haec,
823 2274 863 2346 de
877 2299 944 2371 qua
964 2273 1003 2346 fit
1021 2276 1155 2366 oleum,
1170 2300 1258 2351 con·
1331 2312 1333 2317 ·

275 2432 282 2451 .
297 2386 368 2483 geri
384 2385 467 2456 solet
480 2383 661 2458 acervatim
672 2407 732 2479 pet
741 2383 810 2456 dies
826 2383 972 2480 singulos
985 2384 1019 2457 in
1033 2386 1193 2477 tabulata,
1206 2388 1257 2461 uti

297 2493 348 2567 ibi
367 2491 582 2564 mediocriter
604 2490 779 2581 fracescet,
801 2516 840 2564 ac
855 2491 985 2586 primus
1005 2493 1143 2589 quisque
1162 2521 1259 2570 acer-

297 2627 368 2676 vus
382 2601 572 2674 demittatur
588 2628 647 2699 per
670 2604 784 2692 serias,
806 2628 844 2676 ac
860 2602 935 2675 vasa
950 2605 1078 2677 olearia
1092 2608 1134 2678 ad
1146 2626 1259 2703 trape-·

299 2734 352 2803 ta,
369 2713 406 2784 in
420 2737 493 2808 quae
508 2737 580 2784 earn
595 2732 703 2787 terent
721 2713 822 2784 molae
834 2711 972 2783 oleariae
988 2713 1074 2783 duro
1089 2713 1259 2810 &aspero

298 2821 419 2918 lapide.
445 2821 531 2892 Olea
553 2822 636 2893 ledia
663 2821 688 2892 st
715 2822 856 2892 nimium
881 2820 938 2890 diu
963 2817 1026 2890 fuit
1050 2818 1086 2889 in
1109 2823 1261 2910 acervis,

301 2929 437 3005 caldore
458 2906 630 3015 fracelcit,
651 2931 688 2999 δι
713 2926 824 2997 oleum
849 2923 1006 2994 foetidum
1028 2921 1077 2993 lit.
1099 2927 1212 3020 Itaque
1234 2929 1261 3001 fi

300 3060 446 3134 nequeas
466 3052 593 3107 mature
607 3031 797 3118 conficere,
811 3030 989 3103 inacervis
1008 3029 1162 3124 lallando
1175 3035 1263 3107 ven·

301 3145 397 3216 tilate
411 3162 558 3238 oportet.
571 3143 622 3213 Ex
635 3143 711 3214 olea
726 3140 850 3234 frudus
864 3141 1007 3236 duplex:
1022 3142 1154 3233 oleum,
1167 3145 1262 3242 quod

301 3251 461 3326 omnibus
476 3270 619 3342 notum,
639 3256 677 3326 δι
693 3254 850 3341 amurca,
866 3249 962 3346 cujus
977 3251 1152 3325 utilitatem
1167 3254 1263 3348 quod

302 3361 462 3458 ignorant
484 3360 651 3456 plerique,
672 3360 751 3434 licet
774 3361 890 3432 videre
914 3384 934 3430 e
961 3359 1102 3432 torculis
1127 3360 1264 3436 oleariis

303 3464 408 3541 fluere
425 3467 462 3537 iu
478 3491 645 3563 agros,ac
658 3495 731 3543 non
747 3469 855 3542 solum
868 3467 1042 3565 denigrare
1055 3486 1195 3558 tertam,
1207 3469 1264 3543 sed
1342 3522 1344 3527 -

304 3578 522 3653 multitudine
541 3577 649 3651 facere
674 3579 837 3652 sterilem:
851 3606 930 3653 cum
951 3580 978 3652 is
1002 3581 1128 3653 humor
1146 3581 1264 3655 modi·

304 3711 387 3772 cus,
401 3685 531 3758 eumad
545 3686 750 3774 multasres,
764 3694 833 3759 tut'n
849 3688 891 3761 ad
908 3688 1143 3786 agriculturam
1161 3690 1264 3785 perti·

305 3811 387 3866 neat
409 3795 646 3881 vehementer,
673 3795 768 3890 quod
793 3795 923 3868 circum
952 3797 1112 3876 arborum
1136 3797 1264 3870 radices

306 3900 439 3976 infundi
459 3902 542 3974 solet
552 3957 565 3992 ,
586 3901 732 3978 maxime
752 3903 793 3979 ad
811 3905 943 3998 oleam,
957 3908 995 3980 δι
1016 3904 1208 4002 ubicunque
1228 3903 1265 3977 in
1368 3900 1370 3904 ’

285 4090 297 4113 Ι,
306 4036 389 4112 agro
408 4012 507 4086 herba
524 4034 638 4091 nocet.
1315 4020 1319 4025 ’

905 4070 1076 4197 ‘Ka
