3509 5084
457 488 527 584 irs
600 511 650 584 M.
676 508 956 583 raaaurrr
980 464 1295 587 vuuaours¹

455 672 494 746 δι
515 688 627 745 tamen
647 670 730 745 scire
753 671 940 758 vellemus,
955 670 1038 768 quid
1059 670 1160 761 esset,
1178 670 1274 744 venit
1292 669 1336 743 ad
1358 695 1432 744 nos

453 780 655 875 Pantulaejus
677 783 789 855 Parra.
810 783 934 855 Narrat
955 782 997 854 ad
1011 781 1180 872 tabulam,
1195 806 1273 853 cum
1292 781 1431 855 diribe-

425 962 428 967 .
453 910 529 966 rent
540 892 728 987 ,quendam
742 890 985 989 deprehensum
997 890 1165 963 rellerulas
1179 888 1431 980 conjicientem

452 995 489 1069 in
507 997 681 1088 loculum,
696 1025 773 1073 eum
787 1001 830 1073 ad
844 983 1017 1074 consulerit
1033 1000 1174 1071 madum
1189 1024 1208 1070 a
1224 997 1432 1073 fautoribus

452 1109 733 1205 competitorum.
761 1112 856 1185 Pavo
884 1109 1011 1208 surgit,
1031 1110 1127 1208 quod
1153 1107 1226 1206 ejus
1250 1107 1432 1187 candidati

452 1215 567 1293 custos
585 1217 758 1293 dicebatur
773 1218 1012 1318 deprehensus

504 1328 564 1401 Vl.
584 1331 733 1417 Ast,
749 1333 805 1404 De
821 1356 982 1428 pavone,
995 1316 1130 1426 inquit,
1143 1328 1248 1402 libere
1264 1326 1348 1402 licet
1371 1328 1432 1403 di·

451 1459 529 1525 cas,
552 1440 715 1535 quoniam
738 1441 880 1515 disceffir
901 1438 1170 1536 Fircellius,qtti
1184 1438 1319 1513 lecussr
1340 1440 1432 1538 quid

452 1548 581 1623 diceres
596 1553 638 1623 de
658 1550 721 1637 iis,
740 1550 937 1653 gentilitatis
963 1550 1074 1640 causa,
1090 1548 1225 1625 fortalle
1247 1577 1291 1622 an
1309 1570 1432 1624 tecum
1484 1612 1495 1636 ,.

452 1659 590 1731 duceret
611 1660 743 1734 serram.
769 1661 836 1734 Cui
859 1664 1044 1747 MERULA,
1069 1661 1126 1732 De
1140 1659 1339 1755 pavonibus
1359 1685 1431 1733 no·

346 1800 354 1811 ⁸
450 1766 516 1841 trra
530 1769 713 1859 memoria,
729 1770 864 1858 innuit,
884 1795 999 1869 greges
1015 1769 1132 1842 haberi
1146 1769 1278 1866 coepti,
1300 1772 1340 1844 δι
1363 1791 1433 1846 ve·*

452 1875 526 1949 nire
542 1901 677 1975 magno.
701 1882 753 1950 Err
775 1879 816 1953 iis
839 1883 886 1950 M.
906 1876 1061 1952 Aufidius
1081 1883 1193 1952 Lurco
1217 1880 1313 1974 supra
1331 1880 1431 1954 sexa-

451 2011 537 2086 gena
558 1987 664 2061 millia
688 2014 829 2062 numum
850 1990 885 2061 in
901 2015 996 2063 anno
1012 1989 1138 2063 dicitur
1159 2015 1289 2086 capere.
1313 1991 1342 2063 li
1365 1993 1431 2066 ali·

439 2117 584 2195 ,quanto
600 2099 778 2194 pauciores
793 2099 857 2172 elle
872 2099 996 2172 debent
1011 2124 1139 2188 mares,
1153 2126 1255 2197 quam
1271 2098 1431 2192 feminae,

452 2206 534 2281 fiad
547 2205 692 2279 frudum
713 2203 900 2306 spedlesasr-
920 2210 961 2281 ad
976 2209 1257 2311 deledtationem,
1275 2230 1430 2297 contra:

452 2315 639 2389 formosior
650 2316 740 2420 enim
754 2344 834 2391 mas.
843 2321 1025 2390 Pavonum
1038 2342 1153 2415 greges
1164 2318 1305 2415 agrestes
1319 2321 1432 2394 trans·

452 2424 575 2519 marini
590 2425 654 2499 elle
669 2425 830 2501 dicuntur
845 2428 880 2500 in
896 2428 1035 2516 insulis,
1048 2427 1138 2500 Sami
1152 2429 1188 2500 in
1212 2429 1292 2501 luco
1316 2433 1431 2505 Juno-·

373 2528 378 2535 ¹
452 2537 524 2626 nis,
540 2535 619 2609 item
636 2535 672 2607 in
687 2536 835 2613 Planafia
852 2537 958 2613 insula
975 2542 1023 2612 M.
1040 2538 1178 2612 Pisonis.
1194 2538 1240 2611 Hi
1254 2540 1295 2612 ad
1310 2567 1431 2641 greges

453 2635 714 2724 constituendds
728 2660 889 2743 parantur
905 2652 999 2724 bona
1013 2669 1110 2724 aetare
1120 2657 1131 2736 ,'
1143 2652 1182 2724 δι
1195 2651 1288 2722 bona
1302 2649 1431 2729 forma.

452 2752 536 2829 huic
560 2753 651 2827 enim
676 2771 793 2825 natura
815 2754 936 2833 formae
957 2780 976 2827 e
999 2755 1202 2829 v'olucribus
1233 2758 1329 2832 dedit
1352 2762 1431 2855 pal·

452 2889 555 2939 mam.
574 2866 628 2941 Ad
648 2864 858 2938 admilluram
881 2866 936 2937 hae
957 2865 1107 2939 minores
1127 2867 1323 2953 bimaenon
1347 2869 1431 2943 ido·

453 2996 625 3065 neae‚‘nec
639 2974 704 3069 jam
721 2973 866 3069 majores
881 2999 973 3052 natu.
994 2977 1180 3049 Pascuntur
1199 3003 1303 3051 omne
1319 3005 1431 3077 genus

452 3083 591 3178 objedlo
611 3083 810 3175 frumento,
829 3086 976 3158 maxime
993 3087 1113 3158 ordeo.
1131 3085 1243 3182 itaque
1265 3086 1363 3180 Sejus
1388 3090 1430 3164 iis

451 3193 511 3266 dat
534 3193 570 3265 in
594 3191 723 3265 menses
745 3193 893 3291 singulos
917 3193 1013 3266 ordei
1032 3194 1182 3291 singulos
1201 3195 1359 3285 modios,
1380 3197 1431 3273 ita

453 3321 492 3377 ut
514 3301 549 3373 in
569 3301 695 3374 foetura
716 3301 772 3374 det
789 3300 946 3389 uberius,
961 3304 999 3374 &
1018 3322 1199 3399 antequam
1220 3303 1316 3376 salire
1339 3306 1432 3382 inci·

455 3414 561 3511 piant.
575 3416 605 3485 ls
618 3438 637 3485 a
652 3431 877 3508 procuratore
891 3429 1008 3484 ternos
1017 3411 1130 3508 pullos
1144 3411 1269 3509 exigit,
1281 3415 1430 3514 eosque,

455 3547 533 3595 cum
556 3519 1027 3621 creverunt,quinquagenis
1050 3521 1195 3595 denariis
1221 3524 1367 3616 vendit,
1392 3546 1431 3600 ut

254 3702 261 3709 ,
347 3729 352 3738 ¹
454 3631 549 3705 nulla
572 3629 652 3703 ovis
674 3631 765 3704 hunc
784 3631 971 3726 adequarur
990 3629 1145 3706 fructum.
1161 3635 1330 3719 ¹Praeterea
1356 3662 1430 3712 ova

456 3735 556 3831 emit,
577 3766 615 3813 ac
631 3740 792 3837 supponit
806 3741 960 3840 gallinis,
972 3766 1013 3813 ex
1029 3742 1151 3840 quibus
1167 3740 1304 3842 [exiis]
1321 3770 1430 3821 excu-

457 3849 512 3923 sos
532 3849 652 3946 pullos,
662 3845 764 3921 refert
784 3848 820 3920 in
845 3849 1043 3922 testudinem
1059 3874 1153 3940 eam,
1175 3852 1296 3948 inqua
1314 3879 1431 3949 pavo·

456 3984 517 4034 nes
536 3960 646 4038 haber.
669 3959 764 4061 quod
786 3960 909 4036 tellum
929 3983 995 4062 pro
1014 3958 1230 4037 multitudine
1247 3986 1430 4060 pavonum
