3509 5084
769 544 972 615 VITA.
1031 552 1035 558 '
1189 569 1313 624 txx1x

254 734 257 738 ⁴
350 720 423 768 ante
439 695 585 789 deriserat
599 721 650 767 eos
662 750 674 782 ,
693 725 769 790 quos
789 728 824 770 ea
845 728 891 772 res
916 703 1311 802 leunabaeduebaeque,
1381 766 1383 775 .

350 835 416 880 non
438 807 601 902 intelligere
622 833 692 889 eos,
708 813 794 900 quod
810 807 851 879 'ob
859 811 1085 911 statuariorum
1106 814 1139 887 b
1153 818 1312 912 pic'lorunt

350 947 443 1013 opera
455 919 522 1017 fibi
540 925 717 1013 placerent,
736 949 804 992 curn
823 927 975 1019 imagines
989 933 1214 1019 pulcherrimas
1226 933 1313 1026 suas

349 1033 388 1100 in
407 1036 521 1102 animis
534 1034 610 1129 suis
631 1031 855 1120 circumferrent
876 1038 968 1106 ciues.
989 1042 1049 1107 At
1065 1065 1136 1126 eos,
1150 1045 1204 1135 qui
1215 1045 1312 1113 mira-

347 1142 480 1228 bantur,
499 1170 569 1213 curn
585 1142 707 1237 statuas
726 1148 817 1223 rnulei
841 1146 980 1217 homines
1000 1148 1118 1239 obscuri
1141 1153 1285 1223 baberent
1295 1206 1312 1242 ,

347 1277 417 1322 eum
430 1280 496 1320 non
510 1253 633 1338 babere,
647 1256 755 1338 Malo,
769 1258 892 1347 inquit,
907 1261 1022 1348 quari,
1037 1267 1130 1350 qua're
1141 1268 1231 1331 nulla
1242 1291 1311 1334 tneo

336 1363 451 1463 slatua
470 1361 580 1462 exstet,
600 1387 693 1452 quam
718 1388 810 1452 quare
829 1362 930 1461 exstet.
956 1367 1061 1457 Atque
1077 1371 1206 1438 omnino
1227 1377 1310 1443 vole·

345 1474 421 1554 bat,
436 1493 471 1539 ut
483 1492 520 1540 ne
540 1474 666 1540 huleri
690 1475 809 1564 quidem
823 1475 1008 1564 permitteret
1019 1477 1057 1567 se
1080 1478 1181 1547 bonus
1202 1480 1310 1570 ciuis,

345 1580 414 1678 nist
422 1584 503 1652 ltoce
513 1580 664 1675 republica
668 1585 765 1673 fieret.
775 1585 940 1653 Plurimus
947 1584 1018 1673 suit
1033 1611 1136 1661 tamen
1148 1590 1228 1682 inse
1237 1591 1307 1684 ipfh

341 1696 552 1785 predicando.
571 1694 695 1787 Quippe
713 1719 784 1775 eos,
797 1697 850 1786 qui
861 1699 897 1764 in
913 1698 980 1765 uita
993 1700 1071 1789 quid
1081 1701 1308 1789 titubaverant,
1337 1762 1340 1775 ,
1390 1734 1393 1740 ·

281 1813 283 1818 “
345 1824 424 1868 mox
442 1802 750 1892 reprehendebantur,
769 1805 863 1872 elicere
883 1805 930 1871 ait
941 1803 1080 1896 solitos,
1101 1808 1260 1901 immerito·
1267 1809 1308 1900 se

345 1913 483 2001 culpari,
496 1916 551 2005 qui
570 1915 704 1982 Catones
725 1938 790 1981 uon
814 1908 927 2010 esent:
946 1916 1020 1983 illos
1040 1937 1164 2003 autern,
1182 1920 1237 2010 qui
1247 1918 1308 2007 fa·

345 2019 395 2088 e'la
413 2026 552 2112 quadarn
564 2023 631 2113 sua
651 2024 771 2093 imitari
778 2023 938 2122 studerent
954 2027 1069 2115 inepte,
1076 2023 1222 2123 finislros
1238 2029 1307 2097 Ca·

345 2151 432 2198 tones
453 2133 613 2222 appellari.
632 2137 782 2202 Senatum
791 2131 1050 2228 perieulofiffirnis
1063 2138 1247 2225 temporibus
1262 2141 1310 2206 od

335 2241 381 2333 se
392 2290 402 2323 ‚
412 2238 496 2333 ficut
518 2244 552 2309 in
565 2241 732 2336 naufragio
754 2247 800 2310 ad
808 2245 1038 2336 gubernatorem
1051 2292 1062 2326 ,
1076 2243 1232 2334 respicere,
1246 2273 1307 2316 cre·

345 2357 460 2444 broque
477 2348 596 2439 absente
608 2352 644 2442 se
661 2377 705 2420 res
718 2350 913 2446 grauiffimas
930 2352 1115 2441 protrahere.
1136 2350 1222 2445 ¹Qua'
1236 2357 1308 2445 qui·

345 2464 415 2531 dem
429 2466 459 2533 ei
468 2465 601 2533 aliorurn
613 2464 784 2559 testimonio
797 2464 1059 2553 comprobaretur:
1073 2465 1180 2532 etenim
1196 2465 1308 2557 ingens

323 2661 325 2667 Ι
334 2567 408 2660 fuit
426 2571 493 2655 ejus
514 2573 551 2641 in
569 2576 692 2643 civitate
707 2576 775 2643 uita
795 2568 828 2641 b
845 2567 1066 2664 eloquentia&
1082 2574 1184 2642 atatis
1199 2576 1307 2668 gratia

286 2745 288 2748 ,
348 2681 529 2750 αιιᾶονὶιας.
1257 2689 1259 2691 ’

392 2793 468 2861 Fuit
486 2796 559 2861 item
573 2794 672 2861 bonus
683 2814 786 2882 pater,
793 2791 909 2884 suavis
925 2795 1081 2876 maritus,
1100 2818 1153 2860 nee
1166 2794 1307 2882 uulgaris

344 2899 382 2967 in
395 2926 424 2968 re
442 2903 585 2994 augenda
598 2898 771 2987 familiari.
795 2903 900 2991 Neque
914 2901 950 2966 id
963 2901 1119 2990 negotium
1129 2896 1284 2966 vrrot‘labat
1293 2948 1308 2983 ,

344 3031 383 3077 ut
399 3010 554 3080 minutum
569 3006 601 3081 (r
619 3016 700 3094 vile,
717 3013 813 3079 obiter
830 3033 955 3078 tanturn
970 3004 1226 3094 &desunc'loriet
1242 3009 1306 3075 ita·

248 3170 252 3179 ·
343 3145 401 3212 que
417 3126 529 3206 etiam,
546 3146 726 3213 quoeunque
744 3149 785 3190 ex
804 3123 846 3189 iis
859 3123 931 3190 ltuic
944 3125 1011 3190 loco
1030 3119 1240 3205 conveniunt,
1257 3144 1307 3187 re·

345 3230 497 3318 censenda
511 3235 648 3323 putavi·
667 3237 810 3302 Uxorem
830 3235 1035 3317 nobiliorem,
1057 3258 1150 3323 quarn
1174 3235 1306 3322 opulen-

342 3341 475 3418 tiorem,
492 3344 610 3410 duxit:
622 3343 822 3441 existimans,
838 3367 917 3432 aque
932 3339 1074 3431 utrosque
1087 3335 1143 3432 esse
1162 3333 1306 3409 elates&

333 3449 582 3540 superciliosas;
604 3477 707 3521 rerum
727 3452 934 3543 tentitudinis
948 3450 1053 3517 rubore
1067 3448 1308 3539 obsequentiores

341 3561 421 3629 uiris
441 3561 488 3626 ad
506 3560 626 3657 ltonesta
643 3558 715 3648 sore
732 3557 903 3650 generosas.
921 3559 1006 3624 Eum
1017 3607 1026 3638 ,
1039 3557 1091 3648 qui
1107 3557 1241 3641 liberos,
1257 3556 1310 3625 rel

342 3667 522 3762 conjugem,
536 3666 879 3764 cuderet,sortc'lifflmis
892 3669 977 3736 rebus
987 3669 1107 3738 dicebat
1117 3665 1224 3763 afferre
1235 3692 1306 3735 tna·

341 3801 413 3844 nus.
434 3775 592 3862 Majoretn
613 3781 735 3846 laudem
755 3774 810 3870 effe
835 3778 910 3845 boni
928 3778 1060 3861 mariti,
1081 3803 1174 3870 quarn
1195 3775 1304 3866 magni

332 3883 500 3974 senatoris.
518 3886 624 3975 Neque
635 3911 706 3952 uero
719 3890 877 3956 Socratem
891 3907 1014 3954 ueterem
1031 3879 1152 3978 effefibi
1163 3882 1200 3948 ob
1213 3882 1305 3971 quid·

340 4019 434 4087 quarn
456 3995 550 4064 aliud
569 3993 795 4081 admirationi,
806 4017 900 4084 quarn
916 3995 999 4082 quod
1011 4016 1080 4059 curn
1098 3989 1222 4058 muliere
1232 4013 1303 4058 mo·

1363 3756 1378 3783 l
