3509 5084
507 561 604 620 xcv1
679 543 950 615 NOTITIA
991 537 1353 612 LITERARIA
1432 589 1434 592 <

508 725 543 780 ta
563 702 714 776 Flaminii
736 727 770 798 p.
795 728 884 799 379,
905 700 1041 791 Gellio,
1064 700 1183 790 Festo,
1205 697 1470 785 Charilio,No·ss

508 815 593 904 nio,
608 811 778 884 Prisciano
798 813 836 884 δι
850 811 933 882 aliis.
948 811 1117 903 Quasdam
1138 834 1180 880 ex
1205 811 1257 882 his
1275 811 1470 906 proveliio·

509 947 548 994 re
564 940 659 993 aetate
670 920 809 1016 scriptas
829 919 1044 1016 habitasque,
1057 920 1266 1018 ¹Originibus
1287 921 1351 996 suis
1372 906 1474 994 etiam

511 1030 711 1119 incluserat,
728 1046 767 1102 ut
785 1027 852 1102 viri
868 1026 961 1100 docti
978 1029 1145 1128 colligunt
1159 1052 1201 1101 ex
1215 1030 1372 1125 Epitoma
1393 1029 1472 1101 libri

513 1142 626 1215 XLIX
639 1138 800 1229 Liviani,
813 1157 915 1234 atque
929 1138 1061 1213 eLivio
1073 1140 1147 1236 ipso
1160 1141 1272 1226 XLV·,·
1289 1162 1348 1235 25,
1361 1141 1400 1212 δι
1414 1139 1475 1212 Ci-

511 1275 639 1326 cetone
660 1250 694 1322 in
711 1252 829 1322 Bruto.
847 1247 1131 1342 Quamplutimos
1149 1247 1339 1340 accusavit,
1355 1273 1420 1341 pro
1439 1247 1473 1319 Ie

513 1359 585 1456 ipse
603 1360 733 1433 causam
746 1356 1056 1453 undequinquagies
1073 1358 1169 1430 dixit.
1192 1362 1351 1430 Ceterum
1369 1356 1476 1442 Athep.

514 1469 646 1544 nienses
664 1492 741 1540 curn
760 1491 832 1537 non
851 1467 973 1538 Graece
992 1462 1048 1537 sed
1067 1491 1127 1560 per
1141 1466 1367 1562 ¹interpretem
1387 1465 1478 1536 allo·¹

516 1599 615 1654 cutus
634 1577 735 1664 esset,
753 1574 862 1646 mirati
884 1575 959 1647 sunt
978 1575 1049 1664 illi,
1068 1578 1163 1671 quod
1185 1577 1347 1675 interpres
1363 1575 1478 1647 brevi·

516 1685 724 1784 loquentiam
743 1685 815 1756 eius
832 1685 894 1755 vix
915 1685 1070 1780 pluribus
1087 1686 1199 1759 verbis
1214 1687 1337 1784 alloqui
1356 1682 1479 1761 valuis-

516 1796 584 1886 Iet,
598 1817 636 1867 ut
648 1793 749 1865 refert
760 1793 960 1865 Plutarchus
974 1819 1005 1886 p.
1021 1819 1086 1891 343
1104 1794 1170 1890 leq.

567 1909 624 1977 De
637 1907 737 1975 liberis
749 1907 931 1976 educandis.
953 1903 1151 1976 Macrobius
1171 1909 1236 1990 III,
1253 1908 1288 1979 6.

524 2062 528 2071 ·
568 2020 754 2088 Conmendo
774 2013 936 2102 moribus,
956 2014 1041 2087 libet
1061 2010 1135 2089 non
1153 2017 1302 2089 vetlibus
1320 2015 1482 2111 scripum,

521 2127 578 2200 sed
592 2125 701 2221 prosa.
712 2126 858 2196 Carmen
872 2124 963 2195 enirn
981 2123 1128 2220 antiquis
1144 2125 1341 2198 dicebantur
1358 2134 1483 2220 praece·

522 2253 601 2330 pta,
620 2231 727 2331 leges,
749 2257 884 2329 preces,
906 2231 1063 2321 ditae5&
1087 2231 1246 2306 formulae
1269 2235 1400 2332 quaevis
1426 2234 1485 2306 so·

387 2438 390 2445 ¹
497 2334 505 2343 ⁴
523 2344 670 2431 lemnes,
683 2341 762 2415 licet
779 2342 918 2413 minime
930 2341 1080 2414 verfibus
1099 2341 1230 2438 scriptae
1244 2344 1365 2437 ellent,
1379 2360 1416 2413 ut
1429 2343 1487 2412 de·

524 2450 713 2524 monstravi
737 2450 795 2522 lib.
813 2448 1062 2521 IBibliothecae
1084 2451 1215 2524 Gtaecae
1235 2476 1306 2546 cap.
1320 2452 1392 2538 IX,
1412 2448 1487 2523 secr.

523 2583 584 2649 14.
598 2556 685 2627 Vide
702 2557 852 2629 Gellium
866 2558 937 2647 IX,
955 2584 1001 2646 2,
1018 2561 1055 2630 δι
1069 2556 1224 2631 Nonium
1243 2560 1278 2630 in
1295 2562 1456 2653 eliganres.
1507 2646 1512 2655 ι

575 2670 842 2751 commentarius,
862 2691 924 2757 quo
946 2671 1081 2736 medetur
1088 2669 1188 2756 filio,
1198 2667 1300 2759 servis
1311 2720 1323 2756 ‚
1334 2669 1489 2758 familia·

256 2853 261 2858 ,
528 2777 624 2846 ribus.
638 2771 764 2843 Plinius
776 2772 925 2859 XXIX,
941 2799 970 2844 1.
982 2771 1179 2843 Plutarchus
1190 2771 1226 2842 in
1239 2773 1318 2845 Vita
1333 2798 1364 2865 p.
1383 2794 1465 2867 350.

382 2873 386 2879 ¹
578 2886 870 2978 Apophtlugmaca,
886 2905 905 2952 a
920 2879 996 2954 lene
1011 2881 1145 2953 Catone
1165 2880 1316 2957 collecla.
1329 2880 1459 2954 Cicero
1476 2879 1493 2952 1

414 3046 417 3053 .
532 2993 636 3069 Offic.
650 3018 679 3068 c.
695 3018 750 3088 29.
763 2992 928 3066 Plutarch.
941 3016 975 3089 p.
992 3016 1072 3090 337.

758 3190 815 3257 De
833 3156 1016 3259 MICatone
1023 3188 1117 3278 filio,
1137 3188 1280 3260 Praetort.

483 3355 487 3361 ³
596 3378 698 3455 Filius
721 3378 863 3454 Catonis
883 3376 995 3469 nostri
1021 3382 1072 3451 M.
1097 3374 1215 3466 Cato,
1237 3376 1388 3462 Praetor,
1415 3394 1495 3450 ante

537 3486 664 3586 patrem
681 3505 697 3552 7
715 3486 876 3573 deuotus,
898 3483 1082 3584 scripserat
1094 3480 1132 3581 ile
1153 3488 1240 3560 Iuris
1260 3489 1426 3580 disciplina
1451 3486 1498 3557 li·

537 3597 721 3690 br05‚s1ve-
734 3602 976 3673 Commentarios
989 3600 1080 3670 Iuris
1097 3595 1229 3680 Civilis,
1245 3617 1391 3690 quorum
1406 3589 1500 3666 dcci·

457 3782 471 3829 s
596 3787 627 3843 ⁷·
664 3766 738 3830 leii
770 3764 905 3845 llpltome
940 3767 990 3831 lib.
1039 3787 1086 3850 per
1102 3786 1179 3840 erat,
1189 3763 1358 3845 suntufecit.
1377 3762 1420 3822 De
1437 3763 1500 3824 vir·

542 3847 682 3926 XLVIII:
695 3852 741 3910 M.
754 3851 866 3909 Porcius
883 3849 994 3926 carofi·
1043 3860 1107 3909 tute
1135 3851 1196 3922 ejus
1213 3846 1280 3905 vide
1306 3845 1340 3906 fis
1355 3842 1498 3918 Iustinum

543 3934 575 3991 Iii
600 3934 629 3990 in
657 3933 772 3990 Pratum
791 3931 894 3989 mortui>
906 3929 994 4009 fimus
1043 3927 1201 4004 XXXIII,
1224 3947 1254 3988 2.
1364 3993 1371 4001 ,

545 4012 698 4092 renuiffinrn,
713 4011 1005 4095 utvolraitfflampauql
1038 4080 1040 4085 ,
1136 4082 1138 4086 Α
