3509 5084
413 631 419 638 -
478 602 552 681 ω
624 532 1294 666 udannaurtrvaunouts

478 752 717 851 providebant.
732 752 839 824 —Nunc
865 769 983 825 contra
1009 751 1125 824 viliam
1152 753 1311 826 urbanam
1338 779 1442 852 quant

478 864 658 951 maximam
680 888 718 934 ac
742 860 967 955 politiffimam
989 862 1154 953 habeant,
1174 864 1252 934 dant
1273 887 1443 961 operam:

477 997 518 1044 uc
542 996 617 1043 cum
641 969 767 1042 Metelli
788 995 826 1042 ac
847 970 979 1044 Luculli
996 971 1109 1062 villis,
1132 972 1270 1068 peffinro
1297 975 1443 1070 publico

478 1081 665 1170 edificatis,
682 1100 821 1153 certant.
843 1104 915 1176 quo
930 1081 965 1152 hi
980 1083 1152 1174 laborant,
1163 1101 1202 1155 ut
1221 1083 1367 1180 speeient
1381 1086 1442 1159 sua

477 1192 592 1264 aestiva
614 1188 794 1262 triclinatia
817 1190 858 1261 ad
871 1189 975 1287 frigus
990 1190 1148 1278 orientis,
1162 1191 1300 1264 hiberna
1318 1193 1359 1265 ad
1382 1193 1442 1266 so-

475 1301 542 1373 lem
564 1299 798 1381 occidentem,
813 1299 1058 1395 potiusquam,
1071 1317 1109 1371 ut
1123 1300 1269 1397 antiqui,
1285 1301 1440 1400 inquam

475 1432 604 1506 partem
629 1406 711 1480 cella
728 1407 857 1479 vinaria
876 1426 933 1478 aut
955 1407 1079 1479 olearia
1098 1407 1255 1482 fenestras
1276 1411 1439 1506 haberet,

474 1542 553 1592 curn
573 1517 696 1588 fruitus
717 1517 750 1588 in
770 1541 808 1589 ea
823 1517 973 1589 vinarius
987 1537 1114 1612 quaerat
1129 1521 1170 1588 ad
1183 1519 1273 1590 dolia
1287 1545 1361 1606 aera
1377 1521 1438 1597 fri·

432 1710 436 1720 Ι
472 1629 659 1728 gidiorern,
676 1625 720 1697 ita
737 1624 861 1697 olearia
874 1624 1070 1698 caldiorenr.
1094 1630 1176 1697 Item
1193 1629 1309 1701 videre
1323 1655 1437 1727 opor-

470 1757 540 1827 tet,
561 1737 584 1809 st
604 1736 650 1807 est
671 1735 787 1824 collis,
802 1733 890 1830 (nist
910 1733 992 1832 quid
1012 1732 1232 1833 impedit)ut
1252 1737 1299 1811 ibi
1321 1740 1437 1836 potis·

471 1847 589 1919 fimum
614 1861 759 1940 ponatur
784 1842 878 1914 villa.

519 1957 611 2027 XIV
632 1953 735 2024 Nunc
748 1951 789 2023 de
809 1949 939 2046 saeptis,
955 1975 1030 2047 quae
1051 1949 1184 2023 tutandi
1202 1951 1297 2026 causa
1317 1952 1435 2051 fundi,

469 2086 526 2142 aut
551 2065 652 2161 partis
676 2063 784 2152 fiant,
811 2064 930 2135 dicant.
956 2066 1077 2137 Earum
1106 2065 1286 2139 tutelarum
1308 2094 1433 2166 genera

467 2201 524 2254 tv,
545 2203 648 2249 unum
670 2173 836 2260 naturale,
857 2172 997 2244 alterurn
1016 2172 1169 2270 agreste,
1186 2174 1319 2248 tertium
1341 2181 1433 2255 mili·

467 2312 560 2379 tare,
570 2307 736 2390 quartum
760 2284 889 2356 fabrile.
914 2286 1048 2356 Horum
1070 2290 1339 2388 unumquodque
1360 2292 1432 2389 spe·

466 2405 536 2479 cies
554 2401 654 2472 habet
681 2398 802 2493 plures.
827 2394 975 2465 Primum
998 2393 1147 2466 naturale
1174 2396 1431 2493 saepimenttun‚

322 2510 347 2525 ”
443 2513 562 2612 .quod
579 2509 688 2581 obseri
712 2507 796 2578 solet
815 2496 996 2617 virgultis
997 2524 1056 2578 aut
1080 2505 1202 2602 spinis,
1216 2512 1311 2606 quod
1329 2514 1431 2588 habet

466 2623 617 2705 radices,
643 2643 681 2689 ac
697 2614 815 2714 [vivae
833 2614 950 2713 saepis]
974 2618 1204 2712 praetereuntis
1219 2619 1332 2695 lascivi
1354 2650 1429 2697 non

465 2748 593 2807 metuet
607 2727 712 2800 sacem
728 2725 908 2797 ardentem.
923 2724 1074 2804 Secunda
1084 2726 1184 2823 saepes
1196 2729 1242 2800 est
1255 2754 1297 2799 ex
1307 2735 1428 2826 agresti

464 2844 584 2943 ligno,
600 2839 739 2913 sednon
762 2835 863 2910 vivit.
885 2835 936 2908 Fit
955 2859 1014 2910 aut
1027 2834 1110 2933 palis
1131 2837 1257 2910 statutis
1277 2841 1427 2936 crebris,

463 2980 486 3029 e
508 2951 660 3051 virgultis
682 2944 882 3044 implicatis;
906 2965 964 3018 aut
987 2944 1061 3019 latis
1075 2945 1284 3045 perforatis,
1305 2952 1341 3025 &
1363 2978 1427 3047 per

463 3066 504 3135 ea
521 3060 687 3132 foramina
701 3057 844 3153 trajefiiis
859 3054 1024 3155 longuriis
1039 3053 1211 3157 (erebinis
1225 3080 1282 3152 aut
1298 3061 1427 3137 ternis:

465 3187 522 3243 aut
543 3194 584 3240 ex
604 3168 778 3257 arboribus
801 3166 929 3240 truncis
946 3158 1090 3239 demitiis
1114 3167 1149 3240 in
1169 3185 1311 3258 terram,
1326 3171 1425 3244 dein·

412 3281 429 3323 ‘·
461 3305 541 3374 ceps
560 3275 761 3355 constitutis.
781 3266 935 3351 Tertium
960 3273 1104 3346 militare
1124 3272 1355 3373 sepimentum
1375 3283 1423 3356 est

460 3388 560 3476 fossa,
574 3390 746 3462 &terreus
759 3411 867 3496 agger.
882 3384 936 3457 sed
947 3382 1049 3458 fossa
1040 3406 1086 3457 ita
1098 3384 1269 3476 idonea,fi
1283 3413 1421 3463 omnent

458 3522 603 3595 aquam,
618 3523 692 3592 quae
708 3523 726 3569 e
745 3499 838 3570 coelo
859 3496 956 3571 venit
968 3494 1142 3594 ,recipere
1156 3498 1288 3592 potest,
1301 3521 1360 3572 aut
1371 3502 1422 3574 fa

458 3605 591 3702 stigiunr
618 3605 737 3692 habet,
761 3624 798 3675 ut
817 3618 915 3676 exeat
936 3630 954 3677 e
973 3602 1243 3727 fundunagger
1234 3632 1262 3679 ts
1282 3608 1422 3700 bonus,

458 3739 518 3813 qut
509 3711 733 3783 intrinsecus
750 3709 881 3803 junetus
893 3711 994 3798 fossa,
1007 3731 1064 3783 aut
1078 3712 1123 3785 ita
1136 3714 1276 3800 arduus,
1291 3734 1328 3788 ut
1342 3742 1420 3791 eunt

455 3822 687 3900 transcendere
701 3841 772 3894 non
788 3821 825 3890 srt
840 3821 947 3893 facile
958 3824 1036 3895 Hoc
1050 3849 1153 3920 genus
1165 3824 1264 3918 saepes
1279 3823 1351 3896 fieri
1366 3827 1420 3899 se·

458 3938 605 4008 eundum
629 3933 700 4003 vias
723 3929 871 4026 publicas
888 3929 1019 4020 solent,
1035 3937 1072 4005 &
1092 3933 1271 4005 secundum
1292 3960 1419 4008 amnes.
1444 3943 1446 3947 ’

456 4045 512 4116 nd
526 4044 612 4120 viarn
625 4041 793 4134 salariam,
808 4039 843 4112 in
857 4030 939 4138 agtti
954 4041 1191 4135 Crustumino,
1208 4040 1322 4116 videre
1336 4041 1418 4119 liter
1480 4140 1485 4149 .
