3509 5084
406 568 476 651 1ςὸ
550 564 600 635 M.
624 558 904 632 TERENTll
930 556 1221 631 VARRONIS

403 722 619 809 criiduiores,
640 721 735 818 quod
756 745 833 794 cum
851 717 1062 792 alteroidem
1084 714 1122 791 fit
1139 714 1252 790 acrior
1263 769 1277 804 ,
1294 716 1335 789 &
1357 712 1383 787 fl

400 836 485 907 alter
507 828 732 902 indesinenter
755 853 842 927 aeger
861 828 926 915 est,
947 833 989 901 ne
1013 829 1081 899 line
1104 852 1187 899 cane
1209 850 1297 922 grex
1323 825 1381 900 tit.

400 940 489 1015 Cum
509 935 781 1034 circumspiceret
801 937 958 1026 Atticus,
982 961 1025 1009 ne
1048 934 1131 1030 quid
1149 933 1378 1029 praeteriffet,

399 1048 479 1123 Hoc
487 1047 662 1125 silentium
672 1103 683 1139 ,
695 1055 825 1144 iuquam
838 1101 850 1134 ,
866 1067 969 1120 vocat
980 1047 1083 1119 alium
1099 1046 1280 1140 adportes.

447 1158 494 1233 X.
514 1158 697 1254 Reliquum
720 1159 811 1233 enim
835 1159 870 1230 in
890 1160 958 1232 hoc
982 1159 1078 1240 astu,
1100 1174 1188 1252 quot
1211 1158 1251 1230 dt
1274 1156 1377 1252 quod

393 1293 506 1369 genus
521 1268 584 1341 srnt
605 1268 758 1365 habendi·
774 1267 932 1364 pastores.
954 1267 1179 1354 CossuttuS,
1194 1264 1238 1336 ad
1255 1263 1374 1357 majo·

395 1403 449 1451 res
462 1380 608 1477 pecudes
622 1399 719 1452 aetate
733 1375 938 1474 superiores,
952 1375 995 1463 ad
1009 1373 1157 1446 minores
1169 1371 1273 1444 etiam
1288 1399 1373 1467 pue·

395 1511 475 1576 ros,
499 1492 536 1563 &
560 1509 711 1586 utroque
733 1487 857 1559 horum
876 1482 1063 1570 firmiores,
1084 1482 1145 1581 qui
1166 1483 1203 1552 in
1224 1484 1373 1557 callibus

396 1598 710 1693 'versentut,quam
730 1620 808 1683 eor,
823 1597 883 1692 qui
898 1594 1058 1667 infundo
1073 1591 1228 1690 quotidie
1246 1594 1290 1665 ad
1306 1594 1373 1668 vil-

395 1706 463 1780 lam
482 1707 630 1778 redeant.
646 1708 762 1802 ltaque
777 1704 813 1777 in
829 1704 964 1777 saltibus
979 1703 1058 1778 licet
1074 1703 1191 1776 videre
1203 1700 1372 1797 juventu·

394 1806 486 1904 tem,
500 1817 539 1887 δι
556 1838 627 1885 eam
644 1811 721 1885 fere
729 1832 913 1903 armatam,
928 1839 1004 1888 eum
1020 1812 1184 1887 infundis
1200 1839 1275 1887 non
1291 1841 1371 1888 mo·

330 1924 334 1933 “
394 1923 442 1996 do
466 1922 580 2023 pueri,
600 1922 656 2007 sed
678 1922 779 1997 etiam
797 1924 919 2020 puellae
940 1925 1082 2019 pascant.
1104 1923 1179 2017 Qui
1198 1925 1369 2021 pascunt,

394 2056 455 2105 eos
477 2054 599 2128 cogere
620 2048 782 2128 oportet,
801 2030 838 2103 io
858 2031 1010 2142 pastione
1033 2033 1122 2105 diem
1140 2051 1255 2107 totum
1277 2037 1368 2126 effe,

392 2143 527 2240 pascere
556 2143 796 2217 communiter.
815 2162 957 2233 contra,
979 2147 1174 2240 pernosiare
1200 2147 1244 2218 ad
1268 2147 1368 2227 suum

392 2277 563 2358 quemque
578 2279 724 2352 gregem.
741 2252 805 2326 elle
820 2277 940 2327 omnes
959 2254 1020 2328 sub
1038 2281 1109 2328 uno
1127 2255 1293 2352 magistro
1311 2285 1368 2356 pe-

392 2361 503 2434 coris:
523 2387 599 2433 eum
616 2362 680 2435 esse
701 2360 964 2456 majoremmatu
980 2364 1095 2462 potius
1105 2419 1118 2452 ,
1133 2391 1237 2464 quam
1255 2368 1367 2459 alios,

392 2472 432 2544 δι
454 2470 650 2566 peritiorem
671 2497 773 2568 quam
795 2471 967 2568 reliquos:
980 2474 1076 2568 quod
1097 2472 1159 2560 iis,
1180 2473 1243 2570 qui
1268 2496 1367 2552 aetate

390 2582 429 2652 &
444 2576 581 2649 scientia
600 2578 774 2673 praeslant,
787 2579 904 2652 animo
921 2580 1073 2676 aequiore
1092 2581 1217 2679 reliqui
1233 2607 1366 2678 parent.

390 2688 439 2757 lta
454 2701 566 2756 tamen
584 2705 724 2782 oportet
738 2704 835 2758 aetate
857 2689 1030 2784 praeslare,
1047 2707 1085 2762 ut
1100 2715 1142 2765 oe
1154 2709 1304 2789 propter
1321 2695 1367 2767 se-

390 2796 560 2869 nectutem
574 2795 685 2871 minus
698 2796 856 2871 sustinere
870 2800 971 2897 possit
985 2801 1130 2878 labores.
1144 2809 1365 2902 nequeenim

387 2904 504 3011 senes,
520 2932 630 3005 neque
650 2907 747 3006 pueri
770 2908 907 2982 callium
928 2909 1184 3003 difficultatem,
1201 2940 1241 2988 ae
1264 2944 1365 2991 mon·

389 3022 477 3090 tium
503 3016 723 3113 arduitatem,
748 3038 850 3115 atque
875 3018 1085 3113 asperitatem
1104 3020 1204 3097 facile
1225 3024 1365 3103 ferunt:

388 3123 485 3221 quod
504 3124 699 3220 patiendum
715 3126 804 3214 illis,
822 3127 882 3225 qui
905 3153 1024 3226 greges
1047 3129 1259 3228 sequuntur,
1280 3163 1364 3234 prae·

389 3232 501 3307 sertim
527 3235 764 3326 armenricios,
785 3262 822 3310 ac
847 3238 1023 3332 caprinos,
1046 3239 1173 3335 quibus
1194 3267 1303 3342 rupes
1326 3274 1364 3322 ac

388 3345 484 3417 srlvae
505 3342 547 3416 ad
566 3344 796 3441 pabulandum
816 3345 926 3421 cordi.
949 3350 1082 3420 Formae
1106 3347 1294 3429 hominum
1315 3354 1363 3428 le·

387 3455 527 3554 geodae,
541 3474 578 3528 ut
592 3455 654 3528 smt
672 3453 795 3545 firmae,
810 3481 848 3530 ac
864 3458 1020 3539 veloces,
1033 3444 1200 3550 mobiles,
1217 3467 1362 3560 expedi·

388 3564 431 3638 tis
451 3564 634 3638 membris:
654 3566 714 3663 qui
734 3590 806 3637 non
831 3565 940 3638 solum
966 3590 1069 3663 pecus
1090 3566 1183 3664 sequi
1208 3575 1362 3667 poffint,

386 3674 443 3748 sed
467 3674 605 3746 etiama
631 3673 803 3748 bestiisac
828 3676 1048 3771 praedonibus
1070 3675 1281 3775 defendere:
1304 3687 1362 3783 qui

386 3809 493 3858 onera
510 3785 676 3857 extollere
694 3783 728 3856 io
743 3781 894 3879 jumenta
916 3786 1059 3881 polllnt,
1074 3787 1136 3885 qui
1154 3812 1362 3886 excurrere,

378 3894 446 3993 ‚qui
465 3893 613 3989 iaculari.
634 3897 718 3967 Non
741 3895 854 3985 omnis
872 3915 948 3992 apta
966 3896 1060 3969 uario
1076 3899 1118 3968 ad
1141 3898 1362 3994 pecuariam,

387 4009 484 4111 quod
496 4035 605 4111 neque
614 4007 773 4085 Basculus
780 4061 794 4104 ,
804 4031 913 4109 neque
926 4007 1098 4082 Turdulus
1112 4007 1233 4088 idonei
1245 4041 1255 4089 ε
1267 4017 1360 4091 Galli
