3509 5084
431 564 479 663 ⁷⁶
578 558 1286 638 mtoucrusctuo

429 721 683 795 hementiffima.
704 725 747 792 Et
774 721 920 820 primum
944 719 1054 811 scito,
1071 722 1112 795 de
1136 725 1298 800 omnibus
1315 725 1410 803 bras-⁹

297 838 300 847 ⁴
322 899 326 927 ,
428 831 505 910 ficis
516 831 609 905 nulla
621 831 668 907 ett
681 831 866 903 illiusmodi
879 830 1208 915 medicamenrosror.
1220 837 1273 907 Ad
1289 840 1409 914 omnia

379 968 390 991 ¹
428 942 598 1046 ¹vulnera,
619 960 771 1016 tumores
797 967 870 1014 eam
894 943 1077 1016 contritam
1108 943 1291 1040 imponito.
1320 938 1420 1027 Haec'

429 1054 547 1128 omnia
565 1054 681 1153 ulcera
697 1053 879 1152 purgabit,
895 1053 1041 1152 sanaque
1060 1054 1159 1129 saciet
1181 1057 1249 1129 fine
1270 1059 1408 1138 dolore.

426 1163 551 1237 Eadem
566 1162 702 1237 tumida
726 1163 943 1260 concoquit,
966 1165 1084 1236 eadem
1106 1165 1263 1262 erumpit.
1286 1170 1408 1243 eadem

429 1274 574 1349 vulnera
589 1272 725 1369 putida,
741 1272 964 1370 canceresque
982 1274 1160 1372 purgabit,
1173 1275 1337 1375 sanosque
1353 1279 1409 1352 fa·

429 1382 519 1475 ciet,
534 1382 629 1481 quod
645 1379 929 1454 medicamentum
951 1381 1043 1454 aliud
1061 1380 1174 1471 facere
1190 1408 1262 1456 non
1283 1384 1408 1481 potest.

430 1497 560 1566 Verum
578 1490 675 1587 prius
696 1515 796 1588 quam
819 1490 854 1563 id
868 1487 1051 1589 imponas',
1068 1518 1156 1593 aqua
1179 1495 1285 1569 calida
1302 1495 1410 1583 musta

428 1604 559 1678 lavato.
586 1601 706 1675 Postea
735 1603 786 1675 bis
807 1603 845 1677 in
864 1604 919 1678 die
943 1605 1125 1679 contritam
1149 1607 1334 1703 imponito.
1358 1610 1416 1698 Ea,

429 1738 570 1788 omnem
596 1731 755 1811 putorem
779 1707 914 1790 adimet.
937 1710 1060 1791 cancer
1083 1736 1176 1805 ater,
1198 1718 1226 1790 is
1250 1720 1343 1808 olet,
1368 1722 1410 1794 δι

429 1823 557 1908 saniem
573 1822 729 1918 spurcam
749 1824 865 1899 mittit.
888 1826 985 1901 albus
1001 1830 1200 1923 purulentus
1220 1830 1274 1900 est.
1298 1829 1354 1901 sed
1369 1824 1411 1903 fi·‚
1486 1866 1490 1870 ·

384 1936 389 1947 '
429 1931 573 2006 ssulosus
597 1934 710 2006 subtus
730 1933 890 2030 suppurat
917 1935 977 2008 sub
1001 1964 1115 2014 carne.
1140 1943 1177 2012 In
1202 1965 1241 2012 ea
1264 1939 1408 2012 vulnera
1479 1967 1481 1970 ’

429 2045 666 2140 hujuscemodi
683 2065 771 2120 taras
794 2046 990 2137 brafficam,
1006 2046 1123 2127 sanum
1151 2049 1260 2125 faciet.
1277 2048 1409 2146 optima

368 2171 370 2176 '
430 2158 487 2229 est·
497 2158 538 2229 ad
555 2155 789 2252 hujuscemodi
803 2158 943 2233 vulnus.
958 2162 1001 2231 Et
1016 2160 1170 2232 luxatum
1191 2159 1215 2230 sr
1232 2158 1408 2257 quodest,

428 2268 483 2344 bis
506 2270 559 2342 die
580 2270 801 2366 aqua-calida.
814 2269 960 2357 foveto,
973 2270 1150 2344 brassicam
1165 2271 1282 2352 tritam¹
1293 2289 1411 2366 oppoi

327 2380 331 2385 ’
430 2381 524 2471 nito,
541 2381 612 2454 cito
630 2382 744 2454 sanum
760 2381 870 2457 faciet.
889 2381 923 2455 si
938 2381 989 2455 bis
1005 2369 1059 2454 die
1078 2383 1288 2478 apponitur,
1303 2384 1410 2455 dolos

427 2516 482 2564 res
508 2489 647 2564 auferet.
668 2494 706 2565 &
729 2494 754 2565 st
775 2493 861 2593 quid
888 2494 1070 2567 contusum
1099 2493 1170 2586 est,
1193 2511 1359 2590 erumpet.
1381 2491 1408 2566 si

345 2658 372 2686 ‚.
427 2601 602 2676 braffrcam
625 2602 740 2676 t'ritam
760 2602 979 2698 apposueris„
988 2607 1030 2689 ⁸&
1042 2603 1155 2677 sanum
1178 2603 1302 2676 saciet:
1327 2603 1409 2676 &si

428 2712 513 2812 quid
524 2714 559 2784 in
574 2714 729 2789 mammis
741 2714 865 2788 ulceris
885 2733 1021 2806 uatum,
1035 2716 1074 2788 δι
1088 2713 1301 2803 carcinoma,
1314 2712 1406 2784 bras-

393 2896 404 2919 *
430 2825 531 2897 ficam
553 2824 666 2897 tritam
683 2823 894 2920 ορροηίῐο,
919 2825 1033 2895 sanum
1058 2821 1171 2919 saciet.
1191 2825 1234 2893 Et
1257 2819 1281 2889 sr
1308 2819 1408 2893 ulcus
1449 2880 1452 2886 .

430 2933 654 3011 acrimoniam
673 2934 745 3032 ejus
759 2935 846 3008 ferre
862 2932 934 3008 non
946 2930 1093 3032 poterit,
1103 2931 1245 3018 farinam
1260 2930 1408 3004 hordea-

430 3071 522 3119 ceam
547 3045 713 3134 mffc'eto,
739 3047 786 3151 ita
812 3045 997 3144 opponito.
1022 3041 1267 3136 Huiuscemodi
1294 3042 1409 3116 ulcera
1460 3104 1465 3112 s

430 3157 552 3230 omnia
564 3155 643 3227 'haec
657 3154 735 3228 sana
753 3156 853 3229 faciet
867 3182 877 3255 ς
899 3153 994 3249 quod
1007 3152 1101 3223 aliud
1118 3146 1408 3227 medicamentum

429 3269 543 3343 facere
568 3264 641 3341 nori
666 3267 804 3364 potest,
829 3280 943 3360 neque
963 3274 1119 3358 purgare.
1144 3262 1187 3332 Et
1209 3287 1345 3359 puero,
1368 3267 1409 3340 de

411 3379 553 3476 ¹puella
571 3377 596 3450 sr
611 3377 707 3450 ulcus
727 3377 791 3451 erit
809 3371 1071 3472 hujuscemodi,
1088 3371 1230 3444 farinam
1258 3371 1406 3463 hordea:

430 3516 524 3564 ceam
545 3490 674 3563 addito.
694 3493 736 3562 Et
762 3491 786 3561 s1
806 3489 907 3564 voles
930 3511 1005 3560 eant
1024 3485 1235 3576 comedam,
1253 3485 1407 3574 lautam,v
1465 3549 1468 3554 ,

361 3650 364 3655 -
430 3599 577 3688 siccam,
604 3597 691 3681 sale,
716 3613 816 3669 aceto
843 3594 988 3691 sparsam
1014 3592 1106 3682 effe,
1133 3591 1296 3667 salubrius
1320 3590 1407 3663 nihil

430 3711 503 3784 crit.
516 3713 601 3804 Quo
613 3706 775 3778 libentius
790 3707 885 3796 edas,
898 3724 997 3777 aceto
1012 3702 1122 3803 mulso
1133 3703 1296 3801 spargito,
1309 3725 1407 3772 men·
1463 3742 1465 3746 ·
1483 3776 1485 3778 ,

431 3830 499 3893 tam
526 3821 670 3909 ficcam,
696 3819 735 3891 ὃ(
756 3833 896 3901 rutam,
925 3814 1143 3888 coriandrum
1169 3814 1316 3901 sesiam,
1339 3810 1413 3886 sale

405 3912 408 3919 ²
432 3931 571 4026 sparsam
603 3928 707 4027 paulo
735 3925 896 3999 libentiut
920 3926 1009 3999 edes.
1037 3925 1075 3996 Id
1103 3925 1187 3997 bene
1215 3921 1317 4007 saciet
1331 3973 1344 4008 ,
1365 3925 1406 3998 &

254 4072 285 4121 .‘
354 4035 356 4039 ’
433 4039 513 4150 mali
526 4040 611 4116 nihil
623 4041 708 4117 smet
722 4036 758 4114 in
776 4057 925 4136 corpore
940 4034 1191 4132 consutum&
1207 4030 1323 4105 alvum
1340 4030 1406 4106 bo«

760 4212 883 4273 ‚ru
