3509 5084
543 508 1184 681 nnunn'us'rrcns
1315 588 1438 666 79*

393 732 492 797 mum
512 721 663 818 alligato.
680 720 725 817 ita
746 721 914 818 premito,
927 722 964 796 in
978 721 1123 799 fistulam
1143 725 1306 802 introeat.¹
1325 754 1365 804 ea

360 870 366 910 ς
394 824 450 902 reb
471 829 587 903 sanum
600 829 702 903 faciet
719 832 802 904 cito.
814 836 858 904 Et
872 835 915 905 ad
930 832 1049 906 omnia
1066 834 1180 910 ulcera
1196 841 1366 913 vetera&
1428 844 1430 847 ’

394 964 492 1013 nova
514 940 697 1013 contritam
718 967 796 1015 cum
822 942 924 1015 melle
946 944 1148 1040 opponito‚
1172 945 1289 1019 sanum
1315 947 1366 1020 fa·
1445 970 1450 978 ·

393 1044 472 1119 ciet.
485 1048 527 1117 Et
546 1046 571 1118 fi
592 1042 744 1146 polypus
763 1049 800 1120 in
814 1050 897 1123 naso
909 1050 1105 1142 introierit,
1120 1054 1293 1128 brafficam
1309 1081 1364 1128 er·

351 1198 362 1215 ν
388 1155 531 1229 naricam
549 1157 676 1229 aridam
693 1157 806 1235 tritam
832 1158 869 1230 in
891 1161 1235 1257 malumconjicito,
1256 1169 1294 1240 δι
1321 1167 1365 1238 ad
1471 1190 1474 1195 ·

393 1267 512 1338 nasum
546 1266 746 1357 admoveto.
780 1269 828 1342 ita
862 1259 1041 1345 subducite
1073 1272 1184 1347 susum
1216 1277 1363 1349 animam

388 1376 694 1476 'quamplurimum
711 1381 852 1477 poteris.
865 1381 902 1452 in
915 1383 1029 1457 triduo
1044 1385 1195 1483 polypus
1215 1376 1378 1460 excidet.

393 1491 435 1562 δι
449 1488 509 1561 ubi
525 1489 709 1584 exciderit,
723 1509 833 1563 tamen
849 1488 983 1589 aliquot
998 1494 1068 1568 dies
1081 1495 1171 1569 idem
1188 1495 1313 1586 facito,
1325 1515 1365 1570 ut

390 1601 526 1675 radices
555 1601 681 1699 polypi
706 1602 861 1699 persanas
890 1603 999 1682 facias.
1023 1605 1218 1679 Auribussr
1243 1632 1364 1703 parum

391 1709 528 1800 audies,
543 1709 647 1783 terito
660 1736 738 1784 cum
753 1712 840 1785 vino
858 1712 1053 1804 brafficam,
1070 1714 1187 1791 sucum
1200 1716 1364 1813 exprimi·
1452 1764 1457 1802 ;

389 1837 432 1892 to
443 1874 456 1908 ,
468 1819 505 1891 in
518 1843 632 1892 aurem
648 1819 743 1892 intro
764 1821 915 1916 tepidum
928 1823 1103 1898 instillato.
1130 1825 1202 1899 cito
1216 1844 1249 1898 te
1261 1827 1366 1898 intel·

392 1927 477 2026 liges
497 1928 571 2025 plus
591 1927 719 2002 audire.
743 1930 880 2004 Deinde
903 1933 1046 2028 petigini
1063 1960 1164 2030 parce
1192 1936 1365 2010 brassicam
1469 1934 1472 1942 ’

393 2041 594 2138 opponito,¹
613 2039 725 2115 sanam
746 2040 872 2132 faciet,
893 2046 931 2118 ὅ(
948 2043 1045 2118 ulcus
1064 2069 1136 2117 non
1162 2045 1273 2119 faciet.
1443 2037 1448 2048 ’

426 2155 595 2227 ‚CLVIIL
614 2155 742 2229 Alvum
765 2153 921 2247 dejicere.
938 2156 1006 2229 hoc
1027 2157 1139 2228 modo
1154 2174 1305 2253 oportet.
1329 2157 1365 2230 Si

394 2261 451 2338 vis
472 2265 559 2337 bene
573 2263 636 2335 tibi
657 2263 824 2358 dejicere,
841 2264 937 2339 sume
954 2264 1017 2338 tibi
1039 2258 1165 2356 ollam,
1180 2267 1296 2340 addito
1321 2293 1366 2339 eo

393 2398 492 2472 aquae
511 2372 661 2446 sestarios
678 2396 732 2446 vl.
752 2379 790 2448 &a
809 2375 989 2447 coaddito
1007 2375 1167 2473 ungulam
1188 2377 1229 2448 de
1250 2403 1366 2472 perna·
1388 2364 1410 2466 '¹

395 2485 432 2558 Si
459 2485 618 2583 ungulam
637 2510 708 2557 non
727 2484 1019 2570 habebis‚addiro
1038 2486 1080 2557 de
1094 2488 1198 2583 pe'rna
1222 2484 1366 2560 frustum
1455 2495 1457 2497 ’

394 2612 430 2668 Ρ.
450 2612 477 2675 s.
497 2619 595 2690 quam
616 2594 757 2666 minime
779 2594 913 2691 pingue.
946 2592 1006 2667 ubi
1028 2589 1095 2688 jam
1120 2594 1255 2666 coctum
1278 2592 1367 2666 inci·

395 2702 449 2800 pit
462 2703 556 2794 effe,
569 2727 612 2775 eo
632 2703 751 2798 addito
765 2704 912 2778 brafficae
927 2703 1097 2777 coliculos
1111 2724 1157 2776 11.
1172 2705 1259 2777 betae
1276 2704 1367 2779 coli·

366 2834 369 2841 “
395 2814 497 2889 culos
517 2837 561 2889 11.
580 2843 657 2889 cum
678 2816 791 2890 radice
808 2816 888 2906 sua,
910 2814 1057 2887 feliculae
1074 2814 1211 2910 paulum
1226 2870 1239 2902 ,
1252 2815 1367 2887 herbae

395 2925 605 2999 mercurialis
626 2950 700 2996 non
718 2925 886 3012 multum,
906 2924 1116 2994 mutulorum
1133 2945 1164 2994 L.
1180 2944 1225 2994 Η.
1240 2925 1367 3018 piscem

384 3039 614 3135 capitonem,
630 3041 667 3111 δι
683 3035 900 3132 scorpionem
917 3055 943 3108 1.
958 3033 1116 3109 cochleas
1136 3054 1193 3105 v1.
1214 3031 1367 3107 &lentis

395 3146 577 3244 pugillum.
600 3149 683 3219 Haec
698 3145 815 3218 omnia
835 3143 1021 3242 decoquito
1044 3143 1148 3240 usque
1161 3143 1202 3214 ad
1215 3141 1368 3216 sestarios
1425 3216 1427 3223 ,

397 3276 466 3330 tres
487 3255 580 3349 juris.
608 3257 722 3329 oleum
747 3282 790 3329 ne
808 3254 987 3329 addideris.
1014 3253 1162 3326 indidem
1188 3252 1279 3325 sume
1303 3251 1369 3325 ribi
1425 3340 1429 3359 Ι

395 3367 567 3439 sestarium
587 3395 691 3441 unum
718 3369 881 3464 tepidum.
907 3367 990 3437 adde
1013 3364 1086 3436 vini
1111 3363 1181 3449 Coi
1203 3362 1369 3462 cyathum

397 3470 519 3551 unum.
545 3479 652 3566 bibe,
677 3477 915 3575 interquiesce.
943 3474 1063 3545 deinde
1097 3474 1218 3546 iterum
1246 3474 1368 3546 eodem
1442 3493 1445 3499 ·

397 3590 528 3678 modo,
545 3585 666 3659 deinde
684 3586 832 3659 tertium.
847 3582 1008 3682 purgabis
1020 3600 1053 3654 te
1071 3584 1167 3657 bene.
1180 3585 1256 3656 Etsi
1271 3582 1368 3656 voles

398 3697 535 3793 insuper
556 3697 675 3767 vinum
689 3697 807 3769 Coum
821 3693 973 3768 'mixtum
990 3693 1120 3785 bibere,
1134 3694 1247 3768 licebit
1264 3694 1367 3766 bibas·
1455 3760 1459 3773 ,

399 3806 451 3877 Ex
471 3808 510 3878 iis
535 3827 588 3879 tot
604 3808 727 3892 rebus,
740 3826 826 3902 quot
846 3803 1006 3901 scriptum
1027 3806 1094 3889 est,
1113 3831 1243 3887 unum,
1269 3803 1370 3898 quod·

401 3941 519 3987 eorum
541 3918 612 4004 vis,
632 3917 746 4016 alyum
761 3913 908 4010 dejicere
926 3913 1047 4012 potest.
1070 3916 1198 3984 Verum
1211 3935 1250 3984 ea
1262 3935 1299 3985 re
1311 3926 1366 3986 tot

401 4052 456 4101 res
476 4029 572 4123 sunt,
590 4031 640 4106 uti
653 4030 741 4105 bene
761 4025 916 4125 dejicias,
931 4029 968 4102 δι
983 4025 1087 4101 suave
1098 4022 1155 4102 est.
