3509 5084
514 585 518 590 ·
631 582 1074 672 Pramnio.
1195 550 1331 656 ‘u

367 756 575 843 gumentum.
596 739 744 812 Eandem
771 736 839 810 fere
864 739 1049 828 rationem,
1069 755 1106 811 ut
1125 756 1218 843 retro
1241 739 1334 837 quali

370 853 502 932 tandem
535 849 578 922 ad
607 849 698 920 hunc
731 846 924 931 veniamus,
948 847 1002 918 cui
1029 848 1146 943 primae
1169 847 1335 921 debentur

372 960 543 1055 alioquin,
564 956 693 1029 Priscus
716 953 772 1027 ille
793 956 882 1027 Cato
901 954 1012 1026 noller
1030 955 1170 1029 tenuille
1193 955 1336 1031 viderur.

371 1069 428 1143 llle
447 1068 566 1152 enim,
587 1065 691 1136 modo
706 1063 812 1150 liber,
829 1062 960 1160 qualem
982 1067 1268 1158 nunc'habemus,
1287 1087 1337 1139 ta·

369 1176 409 1248 lis
428 1175 471 1247 de
492 1199 596 1246 manu
617 1172 713 1268 ipsius
734 1174 876 1259 exierit,
895 1198 960 1268 qua
977 1175 1017 1244 de
1035 1199 1070 1246 re
1089 1194 1165 1248 ante
1190 1176 1337 1274 disputa·

367 1287 512 1373 bamus;
528 1286 616 1356 Cato
633 1282 753 1378 igitur,
766 1301 805 1355 ut
820 1281 986 1378 quidquid
1002 1283 1063 1355 usu
1080 1286 1175 1359 venit
1192 1303 1249 1360 aut
1267 1311 1337 1364 me·

284 1424 285 1427 ¹
337 1432 340 1439 ·
373 1395 521 1469 moriam
544 1392 660 1481 subiit,
677 1391 723 1464 ira
741 1392 776 1463 in
801 1393 952 1464 chartam
974 1385 1147 1484 coniecit,
1171 1397 1261 1469 nulla
1282 1422 1340 1477 ra·,

246 1591 248 1597 Ι
372 1505 468 1578 tione
485 1502 595 1573 habita
607 1500 756 1585 ordinis,
775 1499 962 1585 fictamen,
981 1520 1018 1571 ut
1037 1503 1153 1596 primis
1171 1501 1240 1576 fere
1255 1526 1339 1578 ver-¹

369 1615 445 1700 bis,
460 1611 597 1710 quoties
619 1609 763 1684 scribere
782 1604 964 1705 inciperet,
985 1634 1054 1707 qua
1073 1612 1113 1683 de
1131 1637 1167 1685 re
1188 1614 1336 1690 didurus
1443 1686 1445 1690 ,

370 1722 466 1809 edet,
485 1720 660 1792 indicaret.
684 1719 766 1790 Haec
790 1717 837 1790 ira
868 1719 900 1790 se
929 1719 1052 1791 hahere
1079 1739 1175 1792 tanto
1205 1724 1338 1799 videbit

369 1829 533 1926 apertius,
553 1852 626 1926 quo
646 1825 786 1925 quisque
804 1825 997 1926 diligentius
1018 1830 1061 1902 ad
1077 1830 1184 1906 libros
1206 1857 1336 1912 veteres

370 1934 558 2014 attenderit.
1118 1975 1120 1978 ·

420 2043 788 2143 manuninum
814 2045 906 2142 quafi
930 2046 1087 2144 gradibus
1108 2047 1144 2120 in
1168 2074 1243 2124 eum
1274 2051 1339 2130 sla-5
1382 2056 1385 2063 '

371 2177 445 2234 tum
468 2183 519 2230 res
539 2154 754 2253 pervenerit,
774 2179 844 2250 quo
864 2180 954 2227 nunc
973 2156 1041 2243 est,
1058 2158 1244 2234 videamus.
1262 2162 1338 2234 Pri·
1362 2167 1366 2175 '

375 2296 470 2343 mum
485 2270 542 2339 vel
556 2267 727 2339 nullorum
744 2264 894 2360 ipsorum
908 2285 1125 2360 argumenta,
1136 2265 1231 2364 (quae
1244 2269 1337 2342 seor·
1368 2265 1372 2273 ’
1480 2264 1484 2275 '

378 2372 437 2452 fini
454 2375 515 2476 ipsi
535 2375 685 2448 universa
707 2373 908 2471 posuerant,
924 2373 975 2446 uti
994 2373 1167 2473 diximus)
1189 2377 1262 2469 vel,
1282 2379 1339 2452 ida

374 2515 441 2587 que
466 2486 576 2559 nlulro
602 2485 832 2581 frequentius,
854 2483 919 2556 alia
943 2509 1156 2584 quaecunque
1182 2486 1339 2566 lemmata

373 2596 770 2696 marginicommiserunt
785 2596 932 2690 ipsorum
945 2596 1114 2685 locorum,
1123 2599 1163 2669 ad
1172 2623 1248 2696 quae
1263 2626 1339 2696 per·

373 2710 503 2796 tinent,
524 2730 602 2777 rato
625 2703 675 2776 illi
695 2705 832 2799 quidem
852 2706 1024 2794 omnium,
1044 2707 1099 2779 sed
1122 2712 1337 2803 montosus,

373 2820 502 2906 libido,
518 2817 682 2910 impetus,
698 2834 755 2887 aur
775 2816 1340 2914 quaelibetalteraeausaluasrffet,

376 2955 465 3002 nunc
484 2923 659 3011 densiora,
678 2948 769 2996 nunc
791 2924 937 3009 rariora,
953 2923 1226 3019 longa,brevia,
1242 2925 1340 3020 apta,
1421 2991 1424 2996 .

376 3038 506 3133 inepta:
528 3030 621 3125 cujus
647 3032 695 3104 rei
717 3034 870 3127 exempla
897 3033 989 3127 plura
1014 3028 1184 3121 inveniet,
1203 3032 1261 3128 qui
1282 3033 1343 3106 vel

376 3149 416 3218 ad
443 3143 617 3217 dimidiam
640 3143 759 3214 horam
786 3142 822 3214 in
848 3167 966 3214 manus
990 3141 1124 3214 sumere.
1142 3141 1342 3240 Lipfiensem

381 3253 606 3339 Columellam
627 3251 786 3349 voluerit.
799 3255 838 3324 ΙΙ.
861 3246 1009 3345 Quoties
1030 3276 1116 3323 vero
1139 3251 1185 3324 ira
1207 3278 1343 3327 conve·

382 3360 486 3444 niret,
503 3379 540 3431 ut
559 3360 663 3432 verba
686 3360 786 3455 ipsius
804 3361 950 3432 anilonis
973 3357 1138 3431 lemmatis
1160 3359 1259 3431 instar
1277 3358 1343 3433 effe

380 3465 532 3564 pollent,
546 3490 584 3538 ea
599 3467 668 3561 ipsa
687 3466 806 3539 indicis
821 3464 902 3539 loco
925 3467 959 3535 in
979 3464 1127 3559 margine
1147 3465 1343 3559 posuerunt.

379 3574 451 3648 vid.
477 3574 549 3646 Cat.
582 3598 634 3646 ro.
664 3574 702 3646 it.
736 3599 771 3645 ιι
800 3575 839 3645 &
872 3598 932 3661 12,
958 3597 1008 3667 pr.
1043 3571 1081 3646 it.
1113 3596 1170 3669 37.
1209 3599 1262 3672 57.
1286 3579 1346 3650 66.

384 3688 461 3757 106.
492 3708 570 3781 107.
602 3709 680 3758 110.
712 3684 789 3782 136.
821 3689 899 3756 161.
929 3686 1027 3758 Varr.
1058 3708 1094 3770 r,
1126 3711 1180 3780 59.
1213 3709 1251 3770 r,
1286 3689 1346 3760 60.

378 3798 455 3874 Col.
492 3825 556 3880 12,
594 3798 983 3891 46&47.111.cum
1021 3794 1098 3867 libri
1128 3776 1348 3885 antiquissimi

379 3929 445 3978 una
480 3905 564 3978 serie
593 3923 692 4001 atque
722 3923 842 3976 tenore
873 3904 987 3998 scripti
1012 3903 1136 3987 essent,
1169 3897 1261 3994 iique
1291 3902 1345 3974 di·
1428 3943 1431 3950 ·

379 4012 613 4089 ssindlionibus
633 4016 671 4088 δι
700 4010 938 4110 interpondiis,
956 4011 1078 4108 quibus
1088 4029 1187 4189 ‹rirunc
1207 4007 1347 4107 utimur,

1117 4144 1119 4151 ’
1136 4139 1158 4188 2
