3509 5084
452 609 498 681 μ
596 572 1295 689 mportcruscnro

451 742 504 815 sus
529 740 613 830 erit,
634 739 744 814 semen
771 740 933 811 adoreum
959 739 1165 836 poriffimum
1189 725 1317 828 serito,
1339 763 1416 835 quae
1505 751 1507 755 ‘

450 852 531 925 loca
552 850 638 924 ficca
657 852 696 924 δι
708 874 781 921 non
794 848 936 928 herbosa
950 820 1072 940 esunt,
1085 844 1198 947 aperta
1217 852 1259 922 ab
1274 850 1416 938 umbra,

402 1021 413 1045 ,
450 959 502 1034 ibi
527 960 677 1039 triticum
700 954 812 1030 serito.

501 1069 653 1142 XXXV.
675 1069 797 1140 Fabam
818 1064 854 1138 in
868 1065 958 1141 iocis
979 1067 1101 1142 validis
1116 1092 1188 1141 non
1215 1065 1418 1141 calamitosis

453 1178 569 1251 serito.
591 1178 725 1253 Viciam
750 1181 788 1252 δι
810 1176 946 1250 foenum
970 1180 1128 1251 Graecum
1149 1202 1250 1274 quam
1277 1175 1420 1250 minime

453 1287 605 1361 herbofis
631 1288 717 1362 locis
742 1286 856 1361 serito.
884 1287 1081 1384 siliginem,
1100 1287 1251 1360 triticum
1274 1286 1309 1356 in
1335 1284 1419 1356 loco

454 1414 601 1493 aperto,
628 1394 748 1479 celso,
772 1395 832 1467 ubi
855 1392 911 1467 sol.
931 1420 1032 1491 quam
1054 1393 1233 1485 diutissime
1255 1393 1336 1481 fiet,
1354 1391 1421 1467 seri

455 1522 608 1601 oportet.
628 1502 761 1576 Lentim
778 1503 815 1574 in
831 1503 969 1574 rudeuo
989 1502 1215 1588 &rubricoso
1233 1502 1340 1590 loco,
1362 1498 1424 1597 qui
1459 1574 1468 1589 ‚

455 1610 621 1715 herbosus
639 1636 712 1683 non
733 1611 792 1682 fiet
802 1600 941 1701 ,serito
955 1611 1152 1700 Hordeum,
1169 1610 1229 1708 qui
1243 1611 1341 1685 locus
1355 1635 1424 1684 no·-

456 1744 524 1792 vus
540 1718 627 1808 erit,
639 1735 696 1791 aut
717 1719 775 1816 qui
790 1717 944 1791 restibilis
966 1716 1037 1791 sieri
1057 1719 1204 1814 poterit,
1219 1717 1330 1790 serito.
1344 1719 1424 1790 Tri·
1500 1760 1502 1765 .

457 1830 613 1906 mestrem
643 1853 715 1926 quo
748 1829 784 1901 in
810 1830 894 1902 loco
926 1829 1100 1919 sementim
1125 1849 1287 1900 matutam
1314 1826 1426 1902 facere

458 1965 533 2013 non
546 1937 716 2036 potueris,
727 1940 766 2012 &
782 1937 842 2035 qui
856 1938 955 2010 locus
968 1935 1122 2009 restibilis
1139 1936 1349 2030 crassitudine
1363 1933 1426 2010 sie·

458 2050 490 2123 ri
514 2048 668 2147 poterit,
687 2046 750 2121 seri
769 2065 922 2142 oportet.
940 2044 1105 2142 Rapirsam
1129 2046 1167 2119 δι
1192 2044 1285 2135 coles
1307 2044 1427 2142 rapicii

380 2187 382 2191 ·
460 2162 551 2237 uude
571 2159 672 2250 siant,
689 2162 727 2233 &
742 2160 949 2255 raphanum,
969 2155 1005 2228 in
1019 2156 1103 2230 loco
1118 2154 1302 2231 stercorato
1316 2157 1430 2246 bene,
1480 2235 1490 2246 „

461 2289 520 2348 aut
541 2268 577 2340 in
595 2269 678 2340 loco
701 2266 809 2341 crasso
827 2266 942 2345 serito.
1212 2329 1215 2334 .

520 2379 687 2452 XXXVI.
699 2378 787 2469 Quae
795 2377 936 2473 stgetem
947 2373 1144 2449 stercorant.
1155 2376 1288 2449 Stercus
1298 2372 1431 2447 colum·

461 2486 582 2562 binum
597 2486 750 2581 spargere
768 2504 910 2580 oportet
923 2485 960 2556 in
975 2501 1128 2581 pratum,
1144 2484 1201 2557 vel
1215 2484 1249 2556 in
1266 2483 1430 2573 hortum,
1472 2523 1474 2526 v

464 2593 524 2668 vel
539 2593 574 2664 in
589 2592 741 2690 segetem.
755 2592 940 2688 Caprinum
952 2591 1143 2689 ,ovillum,
1153 2592 1335 2678 bubulum,
1347 2591 1432 2664 item

466 2700 617 2775 ceterum
641 2699 767 2773 stercus
792 2723 897 2791 omne
924 2700 1039 2773 sedulo
1066 2682 1289 2795 cbnservato,
1303 2705 1434 2795 Amut-

466 2837 543 2884 cam
564 2808 715 2908 spargas,
729 2809 786 2882 vel
798 2809 917 2911 irriges
938 2813 980 2883 ad
997 2811 1156 2901 arbores,
1171 2811 1440 2907 circum-capita¹
1472 2802 1475 2807 ’

466 2918 596 3019 majora
608 2918 863 3020 amphoras,ad
876 2921 1012 2997 minora
1031 2949 1131 3001 urnas
1154 2950 1233 2999 cum
1255 2949 1351 3022 aquae
1377 2922 1434 2996 di·
1472 2980 1482 2990 .

462 3033 576 3135 midio
594 3034 711 3107 addito
726 3086 738 3123 ,
752 3035 968 3133 ablaqueato
981 3035 1073 3144 priup
1096 3060 1167 3108 non
1183 3036 1261 3108 alte.
1395 3114 1399 3125 ,
1494 3117 1506 3131 „

515 3143 694 3214 XXXVII.
708 3142 742 3213 Si
760 3144 922 3216 cariosam
945 3162 1066 3218 tetram
1088 3145 1221 3226 nasset,
1234 3142 1325 3217 cicer
1339 3140 1435 3237 quod

469 3248 629 3351 vellitur,
651 3250 801 3347 &quod
827 3250 947 3323 salsum
964 3250 1033 3340 est,
1049 3275 1093 3321 eo
1116 3251 1241 3323 maium
1256 3251 1313 3323 est.
1338 3251 1436 3320 Hor·
1451 3293 1463 3321 .

267 3391 280 3404 ·
379 3447 383 3454 ‚
468 3360 741 3451 deum‚foenum
764 3365 949 3451 Graecum',
967 3360 1200 3450 ervum,haec
1213 3361 1331 3435 omnia
1345 3359 1437 3456 sege·
1509 3426 1512 3434 .

469 3491 537 3545 tem
559 3470 744 3571 exsugunt,
757 3475 796 3547 δι
809 3471 925 3563 omnia
941 3498 1017 3568 quae
1031 3470 1215 3547 velluntur.
1230 3472 1383 3544 Nucleos
1398 3470 1437 3542 in

470 3582 615 3680 segetem
640 3609 683 3657 ue
698 3582 873 3659 indideris.
895 3584 1065 3680 Lupinum
1080 3637 1091 3671 ,
1105 3583 1203 3674 saba,
1224 3583 1335 3666 vicia,
1350 3581 1438 3653 ster-

448 3698 532 3791 qus
553 3689 641 3761 unde
662 3688 774 3762 facias.
806 3689 1012 3779 stramenta,
1035 3690 1212 3788 lupinum,
1232 3688 1364 3785 paleas,
1382 3685 1439 3758 fa-

447 3790 450 3795 ’
472 3798 581 3890 basia,
595 3821 695 3886 acus,
711 3794 876 3870 frondem·
891 3795 1071 3893 iligneam,
1090 3822 1284 3896 querneam.
1308 3796 1360 3865 Ex
1385 3795 1438 3887 se·

473 3934 549 4009 gete
564 3909 685 3981 vellito
698 3907 835 3981 ebulum
848 3958 859 3996 ‚
874 3905 1033 3997 cicutam,
1046 3909 1084 3982 δι
1097 3905 1344 3982 circum‘salisia
1359 3905 1439 3978 her·¹

464 4014 553 4099 ¹stum
569 4019 687 4115 altam,
700 4019 896 4116 ulvamque.
911 4039 986 4096 eam
1002 4000 1201 4093 substernito
1215 4016 1360 4112 ovibus,
1372 4018 1459 4091 buc
