3509 5084
482 540 1099 683 nnndnusrrcnurnt
1209 619 1275 704 ης·

322 755 438 831 fariam
460 755 616 828 divisum.
639 754 775 825 alteram
790 753 880 826 enim
894 775 1021 850 partem
1045 756 1123 831 ferri
1138 778 1278 855 oportet
1379 829 1381 833 ,
1420 740 1424 749 ¹

322 896 342 944 e
363 869 444 940 villa
469 890 623 951 novama
646 863 781 939 alteram
806 883 957 938 veterem
985 867 1061 939 tolli
1088 869 1123 943 in
1153 895 1281 967 agrum.

322 978 417 1068 quod
436 973 524 1046 enim
540 969 683 1043 infertur
705 995 840 1059 recens,
859 972 970 1045 minus
991 974 1133 1049 bonum.
1152 976 1186 1048 id
1201 1003 1279 1054 cum

313 1083 451 1170 dacum,
466 1078 595 1150 melius.
615 1101 678 1149 nec
696 1101 768 1152 non
785 1077 1028 1174 sterquilinium
1043 1083 1160 1155 melius
1174 1083 1278 1174 illud,
1366 1072 1368 1077 ¹

321 1187 418 1284 cujus
439 1189 597 1260 latera&
618 1185 781 1259 summum
801 1187 906 1284 virgis
920 1214 958 1261 ac
974 1188 1097 1263 fronde
1121 1192 1280 1274 vindicam¹
1373 1245 1375 1250 ·

322 1322 395 1375 tum
411 1300 453 1371 ab
471 1296 551 1370 sole.
570 1298 651 1367 Non
666 1296 755 1368 enim
768 1296 907 1386 lucum,
921 1325 1020 1397 quem
1037 1304 1157 1398 quaerit
1170 1323 1282 1395 terra,'

323 1410 428 1483 solem
442 1425 518 1479 ante
532 1405 689 1502 exsugere
700 1425 850 1500 oportet.
866 1410 983 1504 ltaque
998 1393 1097 1505 periti
1112 1411 1190 1510 (qui
1204 1415 1283 1512 pos·

324 1515 415 1613 fint)
437 1533 474 1585 ut
496 1538 539 1585 eo
561 1538 645 1609 aqua
673 1511 810 1606 induat,
828 1538 870 1588 eo
899 1518 1038 1594 nomine
1062 1517 1199 1594 faciunt.
1225 1524 1283 1599 Sic

324 1628 415 1699 enim
437 1625 580 1698 maxime
606 1624 769 1697 retinetur
791 1625 917 1712 sucus,
944 1630 980 1700 in
1003 1656 1115 1727 eoque
1144 1632 1283 1730 quidam

249 1750 251 1754 “
324 1738 417 1811 sellas
437 1733 645 1807 familiaricas
666 1753 810 1829 ponunt.
830 1736 1022 1810 AEdilicium
1042 1739 1154 1813 facere
1172 1762 1284 1838 opon·¹
1340 1758 1342 1764 ·

325 1867 396 1937 tet,
413 1847 472 1919 sub
492 1842 584 1940 quod
605 1844 727 1915 redum
750 1862 856 1916 totam
879 1845 975 1918 fundi
997 1848 1159 1942 subjicere
1181 1853 1283 1947 poffi's

325 1953 478 2042 messem,
491 1951 586 2047 quod
600 1968 729 2022 vocant
741 1951 875 2047 quidam
890 1953 1101 2028 nubilarium.
1116 1960 1151 2028 ld
1165 1958 1285 2031 secun·

327 2068 408 2139 dum
426 2087 536 2135 aream
551 2058 768 2145 faciundum,
783 2057 840 2130 ubi
854 2059 991 2132 triturue
1003 2062 1043 2163 fis
1057 2061 1286 2163 frumentum,¹

327 2169 558 2270 magnitudine
582 2189 646 2263 pro
672 2167 778 2238 modo
800 2165 896 2240 fundi
921 2193 964 2239 ex
987 2194 1054 2241 una
1076 2172 1162 2271 parti
1186 2171 1287 2271 apeta
1370 2164 1372 2169 ¹

328 2304 423 2370 tum,
436 2283 475 2353 ὅ(
488 2279 523 2350 id
539 2279 580 2350 ab
600 2301 694 2366 area,
708 2301 778 2371 quo
793 2277 881 2350 &in
896 2276 1048 2350 trituram
1063 2306 1224 2375 proruere
1237 2282 1289 2357 sad

329 2390 395 2467 cile
414 2385 538 2483 poffis,
563 2386 601 2456 &
621 2382 645 2454 fi
665 2382 817 2458 nubilare
838 2384 1005 2478 coeperit,
1021 2385 1099 2458 inde
1121 2406 1158 2459 ut
1173 2388 1287 2488 rursus

331 2498 485 2575 celeriter
510 2492 659 2588 rejicere.
686 2493 854 2567 Fenestras
874 2495 996 2567 habere
1015 2514 1154 2592 oportet
1182 2523 1223 2570 ex
1247 2524 1288 2572 ea

331 2607 440 2706 parti,
456 2605 544 2675 unde
566 2601 831 2676 commodissime
850 2600 983 2698 perflari
1004 2603 1115 2697 poffit.
1133 2608 1290 2678 tunnis
1401 2639 1405 2645 -
1462 2578 1464 2582 ¹

332 2708 892 2814 Num,Fruduosrorpinquitssst
906 2728 995 2784 certe
1009 2709 1132 2783 fundus
1148 2736 1289 2809 propter
1352 2798 1354 2801 Ι
1435 2742 1451 2786 ·,
1494 2772 1499 2781 ,

330 2817 485 2906 aedificia,
497 2817 521 2888 sr
535 2816 648 2913 potius
661 2815 704 2886 td
717 2814 934 2909 antiquorum
949 2814 1175 2910 diligentiam,
1188 2842 1290 2910 quam

308 2961 310 2965 ·
334 2930 376 3003 ad
388 2928 510 2999 horum
524 2923 691 2995 luxuriam
707 2922 826 3016 dirigas
844 2915 1113 2992 aedificationem.
1132 2919 1182 2991 llli
1198 2921 1291 2995 enim

277 3128 280 3133 Ι
333 3038 500 3112 faciebant
520 3034 560 3104 ad
574 3032 739 3102 fruduum
752 3023 994 3117 rationem,hi
1007 3026 1133 3101 faciunt
1149 3029 1191 3101 ad
1211 3029 1292 3136 libi·
1346 3044 1349 3050 “
1395 3038 1398 3047 ’

255 3138 275 3213 .'
335 3151 430 3222 dines
449 3141 640 3218 indomitas.
654 3144 769 3238 ltaque
790 3132 928 3210 illorum
948 3137 1039 3210 villae
1053 3136 1182 3211 rullicae
1197 3160 1293 3217 erant
1362 3142 1365 3149 ’

335 3254 473 3346 majoris
497 3278 598 3348 quam
623 3250 785 3338 urbanae,
802 3273 879 3345 quae
905 3272 997 3320 nunc
1022 3246 1097 3319 sunt
1122 3246 1292 3349 pleraeque
1330 3314 1340 3339 ,

290 3386 293 3391 ’
337 3381 467 3438 contra.
487 3362 558 3432 illic
579 3361 774 3433 laudabatur
792 3352 901 3442 villa,
929 3357 954 3426 st
980 3357 1123 3430 habebat
1144 3356 1293 3437 culinam

337 3469 492 3545 rusticam
513 3469 663 3558 bonam,
683 3467 856 3565 praesepias
872 3466 983 3550 laxas,
997 3461 1114 3536 cellam
1129 3462 1293 3545 vinariam

338 3587 377 3655 δι
398 3578 558 3652 oleariam
580 3577 774 3650 admodum
794 3573 863 3672 agri
885 3593 1017 3670 aptam,
1034 3576 1078 3654 δι,
1096 3577 1294 3671 pavimento

339 3686 491 3786 proclivi
509 3685 545 3755 in
562 3683 684 3756 lacum.
707 3682 801 3780 quod
821 3681 927 3778 saepe,
948 3676 1005 3757 ubi
1030 3681 1205 3757 conditum
1226 3710 1294 3758 no·

342 3822 424 3866 vum
450 3794 592 3881 vinum,
614 3817 705 3864 orcae
723 3792 759 3863 in
780 3791 938 3888 Hispania
959 3791 1097 3866 fervore
1119 3794 1216 3866 musti
1238 3811 1297 3875 rut

344 3925 431 3998 prae,
446 3928 554 3999 neque
578 3927 648 3973 non
670 3900 815 3974 &dolia
839 3903 875 3974 in
900 3893 1104 3983 ltaliaitem
1125 3921 1233 3974 cetera
1257 3921 1295 3978 ut

343 4011 444 4085 ellent
463 4011 499 4082 in
517 4012 596 4083 villa
611 4002 861 4105 huiuscemodi,
874 4037 952 4109 quae
967 4009 1095 4084 cultura
1108 4032 1294 4114 quaereretg

371 4214 377 4231 ο
415 4127 543 4217 Scriptt.
559 4124 601 4192 R.
621 4125 663 4197 R.
680 4122 753 4198 Vol.
766 4120 795 4198 I.
1117 4117 1165 4219 H*

1499 618 1503 648 l
