3509 5084
636 592 639 599 '
716 549 919 654 utro.
1186 605 1277 658 ux

310 755 480 837 litoribus,
494 777 561 822 tum
582 747 646 842 ipsi
666 742 821 843 adjuoise
836 745 926 835 sert,
949 767 1038 838 atquc
1059 763 1124 817 una
1144 774 1275 819 manum

311 857 493 959 admouise.
515 862 654 932 Potabat
681 862 716 928 in
744 856 996 949 expeditionibus
1020 881 1161 949 aquarn:
1187 882 1277 928 extra

312 1000 432 1067 quam,
441 969 479 1066 st
498 967 648 1060 immenso
672 967 741 1064 astu
752 964 875 1063 stura,
897 988 962 1034 tum
979 967 1114 1056 potabat
1135 990 1275 1052 acetum,

312 1104 372 1152 out
392 1077 613 1171 fatiscentibus
635 1074 749 1144 viribus
765 1123 776 1160 ,
794 1073 947 1174 postremo
971 1074 1039 1143 loeo
1068 1099 1183 1168 parum
1206 1075 1279 1146 vini

306 1189 459 1282 sumebat.

369 1296 456 1363 Erat
475 1291 564 1386 agris
586 1287 654 1377 ejus
679 1286 751 1376 cast
771 1289 882 1356 Martii
905 1288 1014 1372 Curii,
1032 1289 1089 1377 qui
1107 1309 1152 1357 ter
1165 1291 1277 1359 trium·
1316 1365 1320 1372 ¹

311 1405 453 1498 pltavit,
473 1405 586 1470 uicina.
609 1395 774 1491 Quocum
798 1421 978 1467 commeant
1003 1397 1135 1492 affidue,
1147 1404 1279 1492 praedii-

315 1539 372 1605 que
386 1513 547 1612 angustias
564 1503 596 1578 ὃ
609 1511 772 1601 penatium
775 1506 926 1608 spellaret
941 1507 1151 1576 bumilitatem
1160 1561 1170 1592 ,
1176 1509 1282 1599 subiit

317 1647 384 1688 turn
408 1621 496 1688 illius
516 1621 576 1687 uiri
594 1618 761 1710 cogitatio,
778 1617 855 1707 qui,
874 1641 944 1684 eum
964 1614 1044 1684 inter
1055 1617 1218 1685 Romanos
1232 1617 1280 1711 es·

311 1727 359 1820 set
375 1730 557 1812 maximus,
577 1720 611 1795 Cr
628 1747 733 1819 gentes
749 1723 860 1816 subegi
885 1724 1073 1792 et'maxime
1092 1726 1279 1819 bellicefits,

320 1863 408 1930 atque
424 1840 580 1931 Pyrrhum
604 1838 705 1903 Italia
716 1829 940 1928 submoviset,
962 1836 1019 1903 leot
1042 1835 1194 1927 rusculum
1215 1840 1280 1929 ipse

312 1943 500 2035 siderea&
521 1948 603 2015 leone
624 1945 780 2014 babitaret
797 1944 902 2034 rafiam
916 1944 988 2043 post
1005 1967 1064 2012 tres
1081 1949 1280 2038 triumphos:
1309 1994 1312 2001 ·

320 2059 365 2125 ibi
380 2059 427 2126 ad
438 2055 547 2144 sotum
559 2054 738 2146 sedentem,
751 2078 845 2157 atque
858 2052 963 2145 ipsum
983 2080 1077 2146 rapas
1090 2058 1280 2142 dictantem,

322 2193 392 2236 tum
412 2161 579 2262 reperisent
594 2158 687 2258 leg'ati
705 2167 922 2248 Samnitium,
942 2190 1090 2257 maguum
1114 2169 1183 2235 artri
1197 2193 1282 2258 port·

321 2278 387 2345 dus
406 2276 434 2344 ei
455 2274 643 2344 obtulerint:
662 2300 740 2366 quos
766 2272 924 2362 rejecerit,
943 2297 1062 2366 negans
1083 2269 1136 2369 effe
1154 2278 1182 2342 ei
1205 2302 1282 2351 auro

322 2407 423 2481 opus,
436 2385 488 2452 tui
503 2381 743 2477 talissufficeret
761 2406 848 2458 tarta
856 2408 871 2466 ,·
892 2386 986 2450 malle
1001 2403 1104 2450 autem
1119 2383 1235 2451 vincere
1245 2382 1284 2474 se

322 2521 436 2564 aurum
457 2478 619 2581 babentes,
637 2520 731 2586 quam
748 2493 848 2585 ipsum
865 2494 982 2562 babere.
1004 2490 1084 2560 Huc
1092 2489 1201 2583 secum
1216 2497 1284 2562 tol·

324 2634 400 2680 uetts
414 2609 523 2681 abibat
539 2604 639 2692 Cato,
655 2605 927 2699 &domumstam
943 2633 983 2675 tx
999 2611 1096 2676 altera
1108 2629 1195 2698 parte
1208 2633 1285 2683 ton·
1334 2610 1337 2617 '

326 2715 538 2812 templans‚&
542 2723 682 2812 pradia,
696 2705 888 2812 lustratia,
898 2713 930 2788 (r
941 2716 1077 2802 riflum,
1090 2719 1250 2786 intenditl
1270 2757 1283 2772 ·

326 2832 444 2918 boram,
455 2831 640 2924 sitmtusque
657 2834 839 2901 immodicos
852 2831 1052 2900 circumcidit.
1075 2833 1151 2899 Cum
1165 2831 1285 2897 Fabius

325 2941 498 3008 Maximus
520 2941 688 3008 Tarentum
712 2943 872 3031 reciperet,
882 2937 945 3028 sub
967 2963 1001 3006 to
1012 2934 1095 3025 sorte
1115 2939 1285 3005 admodum

326 3047 500 3140 adolescens
519 3050 678 3119 militabat
696 3053 784 3121 Coto.
807 3047 959 3139 Hospitio
973 3046 1057 3137 ,usus
1078 3048 1213 3116 Nearchi
1234 3074 1286 3117 eu·
1334 3044 1336 3048 ’
1366 3030 1369 3053 ’

320 3157 454 3247 jusdam
474 3160 702 3252 Pythagorici,
722 3158 903 3258 defidercoit
920 3184 987 3227 eam
1007 3153 1209 3250 disciplinam
1234 3160 1286 3228 in·

328 3268 472 3358 telligere.
489 3271 544 3339 De
564 3271 671 3359 iisdem
694 3297 761 3340 cum
781 3265 970 3365 differentem
987 3269 1078 3337 illum
1100 3264 1287 3365 audiuiset,
1318 3338 1320 3343 ,
1344 3305 1347 3316 ·

328 3377 448 3469 quibus
460 3379 527 3466 ufits
545 3381 640 3451 Plato
658 3382 716 3482 esl,
735 3376 814 3476 (qui
824 3385 1010 3473 uoluptatem
1021 3385 1198 3450 maximam
1210 3386 1289 3452 mali

327 3487 431 3580 escam
450 3511 561 3559 uocat:
574 3495 784 3561 calamitatem
796 3495 908 3559 anima
919 3494 1078 3582 primam,
1091 3517 1225 3584 corpus:
1243 3497 1287 3562 ti·
1361 3553 1363 3555 ,

328 3600 515 3668 berationem
534 3594 818 3695 &purgationem
834 3602 916 3668 illas
930 3599 1158 3692 cogitationes,
1180 3604 1288 3693 quibus
1351 3658 1354 3670 .

329 3713 469 3778 maxime
494 3737 517 3780 a
542 3716 678 3803 eorporis
698 3707 867 3808 astilibus
893 3735 1008 3782 avocat
1036 3706 1070 3782 Gr
1099 3715 1226 3782 abducit
1250 3708 1290 3798 sc

330 3817 432 3910 ipfitm
440 3819 459 3908 )
475 3826 641 3913 amplexus
660 3821 806 3920 eslmulto
819 3823 923 3891 acrius
934 3819 1152 3915 frugalitatem
1168 3815 1200 3886 ἃ
1214 3845 1286 3887 con·

328 3931 508 3999 tinentiatn.
531 3935 685 4024 Alioquin
707 3937 811 4002 literas
828 3935 953 4003 Gratas
966 3935 1039 4024 sero
1058 3931 1196 4000 traditur
1210 3933 1289 4001 atti*
1328 3967 1330 3974 ·

267 4091 269 4094 -
327 4033 420 4135 giffi,
437 4064 532 4132 atque
543 4042 713 4137 admodum
727 4040 885 4132 prouec‘ltts
901 4063 987 4112 atate
1001 4045 1096 4111 libros
1117 4038 1240 4111 Graeos
1250 4043 1287 4111 in
1307 4130 1310 4138 ι

608 4158 611 4188 Ι
