3509 5084
388 560 439 633 74
535 482 981 624 uroactuo
1030 527 1263 604 cnro:

387 694 591 792 lotiumque.
619 693 661 764 ad
687 713 808 763 omnes
830 713 884 761 res
906 687 1036 761 salubre
1058 687 1115 765 ess.
1144 688 1178 760 Si
1199 689 1298 764 voles
1324 690 1362 766 in

388 803 564 880 convivio
581 801 726 874 multum
742 798 876 887 bibere,
895 821 1104 896 coenareque
1118 799 1284 891 libenter,
1297 827 1364 873 an-

386 931 421 987 te
443 935 577 984 coenam
591 908 662 980 esto
682 908 820 981 crudam
840 924 1003 1002 quantum
1020 907 1118 981 voles
1139 932 1182 979 ex
1197 928 1307 984 aceto.
1322 913 1363 986 de

385 1002 486 1108 item,
502 1017 561 1091 ubi
583 1013 800 1105 coenaveris,
812 1013 966 1092 comesto
980 1013 1091 1112 aliqua
1105 1037 1144 1089 v.
1159 1015 1261 1108 folia,
1281 1019 1365 1096 red==¹

388 1131 472 1217 dent
483 1146 515 1201 te
525 1128 618 1226 quast
633 1126 717 1199 nibil
730 1125 850 1215 ederis,
864 1120 1243 1225 biberisque,bib'esque
1256 1149 1367 1222 quan-¹

304 1248 307 1253 ’
387 1258 462 1325 tum
478 1240 590 1312 voles.
608 1238 738 1310 Alvum
752 1237 776 1308 st
792 1236 891 1311 voles
903 1231 1052 1332 dejicere
1065 1232 1289 1330 superiorem,
1305 1237 1365 1315 su·v

386 1350 476 1423 mito
494 1347 643 1421 brassicae
663 1372 741 1445 quae
755 1344 920 1421 ieviffima
942 1345 1024 1433 erit,
1036 1344 1072 1420 P.
1090 1366 1145 1419 1v.
1161 1344 1239 1418 inde
1253 1344 1364 1422 facito

387 1461 584 1558 manipulos
602 1458 751 1557 aequailes
766 1477 856 1547 tres,
872 1455 1115 1557 colligatoque.
1129 1457 1246 1554 postea
1257 1460 1366 1534 ollam

389 1572 530 1647 statuito
550 1595 628 1644 cum
651 1592 750 1665 aqua.
772 1568 833 1640 ubi
849 1566 1000 1664 occipiet
1020 1566 1153 1640 fervere
1173 1570 1366 1668 paulisper,

391 1681 557 1755 dimittito
571 1684 677 1760 unum
696 1673 929 1777 manipulum,
943 1670 1074 1752 fervere
1090 1678 1229 1753 desistet.
1244 1682 1366 1757 Postea

390 1795 451 1869 ubi
472 1794 621 1891 occipiet
640 1792 774 1865 fervere
787 1787 989 1895 ,paulisper
1006 1788 1166 1864 dimittito
1186 1792 1289 1892 usque
1302 1796 1365 1869 ad-

391 1908 535 1979 modum
552 1907 633 1978 dum
648 1902 828 2002 quinquies
847 1902 1000 2003 quinque
1016 1930 1180 1978 numeres.
1201 1924 1272 1979 tum
1287 1904 1363 1980 exi-¹

391 2015 492 2090 mito.
518 2021 601 2088 ltem
629 2014 734 2088 facito
759 2013 902 2087 alterum
927 2012 1163 2112 manipulum,
1189 2017 1270 2090 item
1293 2035 1365 2091 ter·

392 2129 500 2217 tium,
515 2130 630 2224 postea
656 2127 825 2223 conjicito
848 2131 889 2202 &
903 2129 1121 2205 contundito.
1142 2132 1222 2204 item
1241 2130 1366 2204 eximi-

391 2254 449 2326 to,
465 2237 499 2308 in
516 2238 657 2310 linteum
681 2261 830 2334 exugeto
850 2236 986 2327 sucum,
1011 2241 1102 2347 quqsr
1122 2239 1289 2337 heminam
1304 2241 1367 2331 ‚in

392 2344 560 2441 pocillum
575 2344 688 2419 fictile.
708 2370 752 2417 eo
766 2345 878 2418 indito
894 2340 968 2418 salis
982 2346 1105 2421 micam
1121 2349 1211 2446 quast
1224 2375 1369 2436 ervum,

393 2456 580 2530 &cumini
600 2456 688 2528 foui
708 2473 838 2529 tantum
860 2459 957 2554 quod
980 2458 1083 2534 oleat.
1099 2461 1215 2557 postea
1241 2462 1366 2557 ponito
1412 2464 1417 2475 “

392 2564 562 2660 pociiium
585 2564 622 2635 in
644 2563 762 2636 sereno
778 2568 894 2641 notin.
914 2565 988 2660 Qui
1008 2586 1151 2665 poturus
1175 2569 1258 2660 etit,
1273 2570 1368 2645 lavet

394 2674 521 2763 calida,
535 2676 627 2748 bibat
641 2702 761 2773 aquam
772 2677 931 2767 mulsam,
943 2679 1044 2752 cubet
1057 2679 1259 2754 incoenatus.
1274 2683 1368 2756 Pon-

304 2862 307 2869 ,
396 2811 435 2860 ea
450 2815 547 2861 mane
555 2789 648 2863 bibat
661 2789 798 2877 sucum,
812 2792 1070 2889 deambuletque
1084 2793 1185 2867 horas
1199 2816 1252 2865 1v.
1269 2814 1369 2893 agat,

395 2898 566 2998 negotiisr
589 2901 670 2997 quid
693 2903 836 2975 habebit.
856 2904 927 2977 Ubi
948 2900 1057 2977 libido
1076 2903 1193 2976 veniet
1213 2903 1370 2995 nauseae,

395 3031 543 3105 eumque
565 3009 820 3104 apprehendet,
845 3011 1052 3101 decumbat,
1077 3028 1264 3110 purgetque
1289 3011 1368 3089 sese.

290 3170 293 3175 -
396 3133 529 3188 tantum
551 3117 647 3208 bilis,
663 3120 864 3217 pituitaeque
883 3110 1016 3213 ejiciet,
1039 3122 1090 3192 uti
1114 3120 1184 3217 ipse
1209 3121 1370 3214 miretur,
1400 3145 1402 3148 ·

396 3228 488 3302 unde
506 3246 637 3304 tantum
656 3231 726 3305 fiet.
747 3231 865 3304 Postea
889 3232 947 3328 ubi
969 3231 1125 3304 deorsum
1141 3232 1257 3307 versus
1278 3234 1368 3326 ibit,

396 3337 591 3430 heminam,
613 3362 671 3441 aut
693 3341 797 3440 paulo
821 3340 898 3438 plus
918 3339 1024 3412 bibat.
1046 3340 1082 3411 Si
1107 3342 1254 3440 amplius
1279 3345 1342 3418 ibit
1355 3347 1390 3434 ,'

395 3445 524 3523 sumito
557 3450 675 3524 farinae
704 3451 846 3526 minutae
873 3451 1029 3524 conchas'
1055 3450 1162 3540 duas,
1187 3450 1303 3526 infriet
1332 3452 1369 3526 in

385 3583 540 3655 aquam,
556 3562 695 3657 paulum
708 3561 1000 3652 bibat,cons1stet.
1014 3564 1144 3634 Verum
1158 3564 1281 3659 quibus
1294 3581 1371 3636 tor·

398 3672 492 3747 mina
512 3674 653 3747 molesta
668 3695 792 3765 erunt,
806 3676 980 3749 brafficam
996 3664 1041 3747 ‘in
1062 3702 1184 3772 aquam
1202 3688 1371 3751 macerare

399 3797 552 3875 oportet.
571 3780 630 3854 ubi
649 3801 815 3855 macerata
828 3784 914 3870 erit,
938 3783 1106 3878 conjicito
1126 3786 1295 3880 inaquam
1312 3807 1372 3866 ca·3

399 3888 524 3980 lidam,
539 3890 683 3986 coquito
699 3891 802 3989 usque
821 3892 935 3971 donec
955 3919 994 3969 ea
1019 3894 1248 3968 commadebit
1272 3898 1390 3974 bene.'

400 4024 523 4098 aquam
545 4001 735 4082 defundito.
761 4001 880 4102 postea
901 4000 1001 4080 satem
1015 4003 1154 4099 addito,
1176 4007 1214 4080 &
1237 4007 1374 4083 cumini
