<?xml version="1.0" encoding="UTF-8"?>
<!DOCTYPE html PUBLIC "-//W3C//DTD XHTML 1.0 Transitional//EN"
    "http://www.w3.org/TR/xhtml1/DTD/xhtml1-transitional.dtd">
<html xmlns="http://www.w3.org/1999/xhtml" xml:lang="en" lang="en">
 <head>
  <title>
</title>
<meta http-equiv="Content-Type" content="text/html;charset=utf-8" />
  <meta name='ocr-system' content='tesseract 3.04.00' />
  <meta name='ocr-capabilities' content='ocr_page ocr_carea ocr_par ocr_line ocrx_word'/>
</head>
<body>
  <div class='ocr_page' id='page_1' title='image "./scriptoresreiru02gesngoog_0015.png"; bbox 0 0 3509 5084; ppageno 0'>
   <div class='ocr_carea' id='block_1_1' title="bbox 609 482 1317 611">
    <p class='ocr_par' dir='ltr' id='par_1_1' title="bbox 609 482 1317 611">
     <span class='ocr_line' id='line_1_1' title="bbox 609 482 1317 611; baseline 0.013 -9"><span class='ocrx_word' id='word_1_1' title='bbox 609 482 1056 610; x_wconf 59' lang='lat' dir='ltr'>enar-hro.</span> <span class='ocrx_word' id='word_1_2' title='bbox 1273 558 1317 611; x_wconf 81' lang='lat' dir='ltr'>1x</span> 
     </span>
    </p>
   </div>
   <div class='ocr_carea' id='block_1_2' title="bbox 267 678 1415 3505">
    <p class='ocr_par' dir='ltr' id='par_1_2' title="bbox 267 678 1415 3505">
     <span class='ocr_line' id='line_1_2' title="bbox 351 678 1318 788; baseline 0.002 -25"><span class='ocrx_word' id='word_1_3' title='bbox 351 716 433 763; x_wconf 87' lang='lat' dir='ltr'>rum</span> <span class='ocrx_word' id='word_1_4' title='bbox 452 687 553 786; x_wconf 74' lang='lat' dir='ltr'>ipius</span> <span class='ocrx_word' id='word_1_5' title='bbox 574 678 776 784; x_wconf 84' lang='lat' dir='ltr'>scriptorutit</span> <span class='ocrx_word' id='word_1_6' title='bbox 800 687 1135 788; x_wconf 82' lang='lat' dir='ltr'>fragmentis‚quaea</span> <span class='ocrx_word' id='word_1_7' title='bbox 1157 689 1189 764; x_wconf 88' lang='lat' dir='ltr'>se</span> <span class='ocrx_word' id='word_1_8' title='bbox 1208 691 1318 765; x_wconf 88' lang='lat' dir='ltr'>colle-</span> 
     </span>
     <span class='ocr_line' id='line_1_3' title="bbox 352 793 1415 899; baseline 0.001 -26"><span class='ocrx_word' id='word_1_9' title='bbox 352 804 409 874; x_wconf 70' lang='lat' dir='ltr'>&amp;a</span> <span class='ocrx_word' id='word_1_10' title='bbox 434 800 514 874; x_wconf 89' lang='lat' dir='ltr'>dicit</span> <span class='ocrx_word' id='word_1_11' title='bbox 533 793 615 896; x_wconf 78' lang='lat' dir='ltr'>(sed</span> <span class='ocrx_word' id='word_1_12' title='bbox 635 799 761 872; x_wconf 86' lang='lat' dir='ltr'>fecerat</span> <span class='ocrx_word' id='word_1_13' title='bbox 777 799 865 871; x_wconf 88' lang='lat' dir='ltr'>idem</span> <span class='ocrx_word' id='word_1_14' title='bbox 887 798 946 869; x_wconf 92' lang='lat' dir='ltr'>diu</span> <span class='ocrx_word' id='word_1_15' title='bbox 971 819 1049 872; x_wconf 89' lang='lat' dir='ltr'>ante</span> <span class='ocrx_word' id='word_1_16' title='bbox 1068 799 1315 899; x_wconf 88' lang='lat' dir='ltr'>Riccobonus)</span> <span class='ocrx_word' id='word_1_17' title='bbox 1413 836 1415 843; x_wconf 95' lang='lat'>·</span> 
     </span>
     <span class='ocr_line' id='line_1_4' title="bbox 352 909 1316 1008; baseline -0.001 -22"><span class='ocrx_word' id='word_1_18' title='bbox 352 916 392 986; x_wconf 92' lang='lat' dir='ltr'>in</span> <span class='ocrx_word' id='word_1_19' title='bbox 409 909 544 984; x_wconf 87' lang='lat' dir='ltr'>officina</span> <span class='ocrx_word' id='word_1_20' title='bbox 563 910 769 982; x_wconf 72' lang='lat' dir='ltr'>plantiniana</span> <span class='ocrx_word' id='word_1_21' title='bbox 787 931 898 1006; x_wconf 85' lang='lat'>1590,</span> <span class='ocrx_word' id='word_1_22' title='bbox 915 910 948 981; x_wconf 82' lang='lat'>8.</span> <span class='ocrx_word' id='word_1_23' title='bbox 961 934 1035 1006; x_wconf 81' lang='lat' dir='ltr'>quae</span> <span class='ocrx_word' id='word_1_24' title='bbox 1048 936 1119 1008; x_wconf 91' lang='lat' dir='ltr'>quo</span> <span class='ocrx_word' id='word_1_25' title='bbox 1141 912 1250 985; x_wconf 86' lang='lat' dir='ltr'>minus</span> <span class='ocrx_word' id='word_1_26' title='bbox 1267 912 1316 985; x_wconf 92' lang='lat' dir='ltr'>di·</span> 
     </span>
     <span class='ocr_line' id='line_1_5' title="bbox 354 1014 1316 1116; baseline -0.006 -20"><span class='ocrx_word' id='word_1_27' title='bbox 354 1022 459 1096; x_wconf 89' lang='lat' dir='ltr'>vendi</span> <span class='ocrx_word' id='word_1_28' title='bbox 478 1022 586 1116; x_wconf 73' lang='lat' dir='ltr'>podet</span> <span class='ocrx_word' id='word_1_29' title='bbox 609 1017 738 1105; x_wconf 88' lang='lat' dir='ltr'>editio,</span> <span class='ocrx_word' id='word_1_30' title='bbox 752 1014 899 1088; x_wconf 71' lang='lat' dir='ltr'>offecisse</span> <span class='ocrx_word' id='word_1_31' title='bbox 918 1016 1052 1088; x_wconf 83' lang='lat' dir='ltr'>videtur</span> <span class='ocrx_word' id='word_1_32' title='bbox 1074 1016 1316 1090; x_wconf 86' lang='lat' dir='ltr'>Commelinia·</span> 
     </span>
     <span class='ocr_line' id='line_1_6' title="bbox 354 1123 1316 1221; baseline -0.005 -19"><span class='ocrx_word' id='word_1_33' title='bbox 354 1158 397 1204; x_wconf 90' lang='lat' dir='ltr'>na</span> <span class='ocrx_word' id='word_1_34' title='bbox 418 1131 577 1203; x_wconf 87' lang='lat' dir='ltr'>omnium</span> <span class='ocrx_word' id='word_1_35' title='bbox 602 1126 826 1214; x_wconf 84' lang='lat' dir='ltr'>rusticorum,</span> <span class='ocrx_word' id='word_1_36' title='bbox 846 1123 950 1220; x_wconf 89' lang='lat' dir='ltr'>paulo</span> <span class='ocrx_word' id='word_1_37' title='bbox 970 1125 1044 1220; x_wconf 88' lang='lat' dir='ltr'>post</span> <span class='ocrx_word' id='word_1_38' title='bbox 1068 1126 1190 1198; x_wconf 69' lang='lat' dir='ltr'>emissa.</span> <span class='ocrx_word' id='word_1_39' title='bbox 1214 1125 1316 1221; x_wconf 87' lang='lat' dir='ltr'>lgitur</span> 
     </span>
     <span class='ocr_line' id='line_1_7' title="bbox 353 1233 1317 1333; baseline -0.002 -21"><span class='ocrx_word' id='word_1_40' title='bbox 353 1240 490 1314; x_wconf 74' lang='lat' dir='ltr'>rescisso</span> <span class='ocrx_word' id='word_1_41' title='bbox 514 1237 621 1311; x_wconf 87' lang='lat' dir='ltr'>veteri</span> <span class='ocrx_word' id='word_1_42' title='bbox 646 1260 780 1307; x_wconf 88' lang='lat' dir='ltr'>novum</span> <span class='ocrx_word' id='word_1_43' title='bbox 802 1233 940 1306; x_wconf 88' lang='lat' dir='ltr'>titulum</span> <span class='ocrx_word' id='word_1_44' title='bbox 964 1234 1160 1330; x_wconf 82' lang='lat' dir='ltr'>agglutinari</span> <span class='ocrx_word' id='word_1_45' title='bbox 1180 1236 1317 1333; x_wconf 81' lang='lat' dir='ltr'>reliquis</span> 
     </span>
     <span class='ocr_line' id='line_1_8' title="bbox 353 1341 1318 1440; baseline -0.002 -20"><span class='ocrx_word' id='word_1_46' title='bbox 353 1348 522 1440; x_wconf 84' lang='lat' dir='ltr'>exemplis</span> <span class='ocrx_word' id='word_1_47' title='bbox 535 1344 621 1435; x_wconf 87' lang='lat' dir='ltr'>juffit</span> <span class='ocrx_word' id='word_1_48' title='bbox 636 1342 905 1439; x_wconf 79' lang='lat' dir='ltr'>Raphelengius‚</span> <span class='ocrx_word' id='word_1_49' title='bbox 916 1341 1046 1431; x_wconf 66' lang='lat' dir='ltr'>adjedo</span> <span class='ocrx_word' id='word_1_50' title='bbox 1059 1345 1318 1418; x_wconf 83' lang='lat' dir='ltr'>annotationum</span> 
     </span>
     <span class='ocr_line' id='line_1_9' title="bbox 354 1449 1319 1548; baseline -0.002 -20"><span class='ocrx_word' id='word_1_51' title='bbox 354 1456 617 1528; x_wconf 82' lang='lat' dir='ltr'>Meurstanarum</span> <span class='ocrx_word' id='word_1_52' title='bbox 630 1451 750 1548; x_wconf 81' lang='lat' dir='ltr'>insigni</span> <span class='ocrx_word' id='word_1_53' title='bbox 763 1449 921 1523; x_wconf 71' lang='lat' dir='ltr'>andario.</span> <span class='ocrx_word' id='word_1_54' title='bbox 934 1453 1059 1537; x_wconf 83' lang='lat' dir='ltr'>Novus</span> <span class='ocrx_word' id='word_1_55' title='bbox 1072 1454 1190 1526; x_wconf 85' lang='lat' dir='ltr'>titulus</span> <span class='ocrx_word' id='word_1_56' title='bbox 1201 1453 1248 1527; x_wconf 88' lang='lat' dir='ltr'>ita</span> <span class='ocrx_word' id='word_1_57' title='bbox 1261 1455 1319 1526; x_wconf 92' lang='lat' dir='ltr'>ha·</span> 
     </span>
     <span class='ocr_line' id='line_1_10' title="bbox 354 1566 1317 1669; baseline -0.001 -31"><span class='ocrx_word' id='word_1_58' title='bbox 354 1570 437 1639; x_wconf 87' lang='lat' dir='ltr'>bet:</span> <span class='ocrx_word' id='word_1_59' title='bbox 458 1570 506 1639; x_wconf 92' lang='lat' dir='ltr'>M.</span> <span class='ocrx_word' id='word_1_60' title='bbox 523 1568 626 1639; x_wconf 85' lang='lat' dir='ltr'>PorcI</span> <span class='ocrx_word' id='word_1_61' title='bbox 643 1567 775 1634; x_wconf 85' lang='lat' dir='ltr'>Catonis</span> <span class='ocrx_word' id='word_1_62' title='bbox 795 1567 833 1637; x_wconf 76' lang='lat' dir='ltr'>dt</span> <span class='ocrx_word' id='word_1_63' title='bbox 848 1566 1037 1659; x_wconf 81' lang='lat' dir='ltr'>agricultura</span> <span class='ocrx_word' id='word_1_64' title='bbox 1053 1566 1088 1657; x_wconf 90' lang='lat' dir='ltr'><em>s</em></span> <span class='ocrx_word' id='word_1_65' title='bbox 1107 1570 1189 1636; x_wconf 79' lang='lat' dir='ltr'>dere</span> <span class='ocrx_word' id='word_1_66' title='bbox 1208 1569 1317 1669; x_wconf 82' lang='lat' dir='ltr'>mstica</span> 
     </span>
     <span class='ocr_line' id='line_1_11' title="bbox 355 1673 1317 1778; baseline -0.004 -30"><span class='ocrx_word' id='word_1_67' title='bbox 355 1682 457 1748; x_wconf 81' lang='lat' dir='ltr'>liber:</span> <span class='ocrx_word' id='word_1_68' title='bbox 468 1679 693 1778; x_wconf 79' lang='lat' dir='ltr'>postulrimam</span> <span class='ocrx_word' id='word_1_69' title='bbox 708 1680 756 1741; x_wconf 83' lang='lat' dir='ltr'>A.</span> <span class='ocrx_word' id='word_1_70' title='bbox 768 1673 898 1763; x_wconf 83' lang='lat' dir='ltr'>Popmoe</span> <span class='ocrx_word' id='word_1_71' title='bbox 919 1677 1082 1744; x_wconf 80' lang='lat' dir='ltr'>editionem</span> <span class='ocrx_word' id='word_1_72' title='bbox 1103 1698 1221 1744; x_wconf 83' lang='lat' dir='ltr'>centum</span> <span class='ocrx_word' id='word_1_73' title='bbox 1244 1704 1317 1744; x_wconf 88' lang='lat' dir='ltr'>am·</span> 
     </span>
     <span class='ocr_line' id='line_1_12' title="bbox 349 1778 1319 1879; baseline 0.003 -29"><span class='ocrx_word' id='word_1_74' title='bbox 349 1789 441 1878; x_wconf 69' lang='lat' dir='ltr'>plius</span> <span class='ocrx_word' id='word_1_75' title='bbox 463 1788 539 1852; x_wconf 83' lang='lat' dir='ltr'>locis</span> <span class='ocrx_word' id='word_1_76' title='bbox 561 1780 672 1851; x_wconf 57' lang='lat' dir='ltr'>aurius</span> <span class='ocrx_word' id='word_1_77' title='bbox 695 1778 896 1871; x_wconf 62' lang='lat' dir='ltr'>correctusque</span> <span class='ocrx_word' id='word_1_78' title='bbox 905 1783 1013 1879; x_wconf 83' lang='lat' dir='ltr'>studio</span> <span class='ocrx_word' id='word_1_79' title='bbox 1042 1805 1132 1875; x_wconf 83' lang='lat' dir='ltr'>atque</span> <span class='ocrx_word' id='word_1_80' title='bbox 1150 1810 1240 1875; x_wconf 82' lang='lat' dir='ltr'>opera</span> <span class='ocrx_word' id='word_1_81' title='bbox 1264 1785 1319 1854; x_wconf 88' lang='lat' dir='ltr'>Jo.</span> 
     </span>
     <span class='ocr_line' id='line_1_13' title="bbox 356 1888 1317 1985; baseline -0.005 -21"><span class='ocrx_word' id='word_1_82' title='bbox 356 1897 495 1965; x_wconf 83' lang='lat' dir='ltr'>Meursl.</span> <span class='ocrx_word' id='word_1_83' title='bbox 511 1896 586 1961; x_wconf 82' lang='lat' dir='ltr'>Item</span> <span class='ocrx_word' id='word_1_84' title='bbox 599 1889 783 1983; x_wconf 82' lang='lat' dir='ltr'>fragmenta</span> <span class='ocrx_word' id='word_1_85' title='bbox 798 1888 933 1980; x_wconf 79' lang='lat' dir='ltr'>ejusdem</span> <span class='ocrx_word' id='word_1_86' title='bbox 939 1891 1104 1982; x_wconf 82' lang='lat' dir='ltr'>scriptoris</span> <span class='ocrx_word' id='word_1_87' title='bbox 1117 1898 1157 1962; x_wconf 87' lang='lat' dir='ltr'>ab</span> <span class='ocrx_word' id='word_1_88' title='bbox 1171 1900 1214 1961; x_wconf 83' lang='lat' dir='ltr'>A.</span> <span class='ocrx_word' id='word_1_89' title='bbox 1227 1897 1317 1985; x_wconf 81' lang='lat' dir='ltr'>Pop·</span> 
     </span>
     <span class='ocr_line' id='line_1_14' title="bbox 356 2001 1318 2101; baseline 0 -27"><span class='ocrx_word' id='word_1_90' title='bbox 356 2033 412 2074; x_wconf 86' lang='lat' dir='ltr'>rna</span> <span class='ocrx_word' id='word_1_91' title='bbox 441 2007 602 2098; x_wconf 82' lang='lat' dir='ltr'>diligenter</span> <span class='ocrx_word' id='word_1_92' title='bbox 622 2001 745 2074; x_wconf 72' lang='lat' dir='ltr'>colleila</span> <span class='ocrx_word' id='word_1_93' title='bbox 768 2001 914 2100; x_wconf 82' lang='lat' dir='ltr'>restituta.</span> <span class='ocrx_word' id='word_1_94' title='bbox 935 2029 975 2072; x_wconf 84' lang='lat' dir='ltr'>ex</span> <span class='ocrx_word' id='word_1_95' title='bbox 995 2006 1078 2101; x_wconf 88' lang='lat' dir='ltr'>offic.</span> <span class='ocrx_word' id='word_1_96' title='bbox 1099 2008 1210 2076; x_wconf 83' lang='lat' dir='ltr'>Planr.</span> <span class='ocrx_word' id='word_1_97' title='bbox 1231 2009 1318 2098; x_wconf 81' lang='lat' dir='ltr'>apud</span> 
     </span>
     <span class='ocr_line' id='line_1_15' title="bbox 359 2110 1317 2209; baseline -0.001 -26"><span class='ocrx_word' id='word_1_98' title='bbox 359 2113 530 2209; x_wconf 74' lang='lat' dir='ltr'>christoph.</span> <span class='ocrx_word' id='word_1_99' title='bbox 555 2112 802 2204; x_wconf 72' lang='lat' dir='ltr'>Rapdelengium</span> <span class='ocrx_word' id='word_1_100' title='bbox 831 2110 943 2205; x_wconf 81' lang='lat'>1598,</span> <span class='ocrx_word' id='word_1_101' title='bbox 967 2111 1000 2182; x_wconf 89' lang='lat'>8.</span> <span class='ocrx_word' id='word_1_102' title='bbox 1027 2112 1115 2183; x_wconf 88' lang='lat' dir='ltr'>lllud</span> <span class='ocrx_word' id='word_1_103' title='bbox 1142 2112 1183 2182; x_wconf 92' lang='lat' dir='ltr'>de</span> <span class='ocrx_word' id='word_1_104' title='bbox 1208 2113 1317 2184; x_wconf 90' lang='lat' dir='ltr'>Com-</span> 
     </span>
     <span class='ocr_line' id='line_1_16' title="bbox 360 2217 1317 2306; baseline 0.001 -15"><span class='ocrx_word' id='word_1_105' title='bbox 360 2221 547 2291; x_wconf 76' lang='lat' dir='ltr'>meiiniana</span> <span class='ocrx_word' id='word_1_106' title='bbox 564 2218 709 2289; x_wconf 82' lang='lat' dir='ltr'>editione</span> <span class='ocrx_word' id='word_1_107' title='bbox 724 2241 797 2288; x_wconf 93' lang='lat' dir='ltr'>non</span> <span class='ocrx_word' id='word_1_108' title='bbox 820 2217 1107 2306; x_wconf 63' lang='lat' dir='ltr'>didam-temere,</span> <span class='ocrx_word' id='word_1_109' title='bbox 1121 2220 1199 2290; x_wconf 90' lang='lat' dir='ltr'>inde</span> <span class='ocrx_word' id='word_1_110' title='bbox 1217 2220 1317 2292; x_wconf 89' lang='lat' dir='ltr'>etiam</span> 
     </span>
     <span class='ocr_line' id='line_1_17' title="bbox 363 2325 1319 2425; baseline 0.003 -25"><span class='ocrx_word' id='word_1_111' title='bbox 363 2351 511 2423; x_wconf 83' lang='lat' dir='ltr'>arguas,</span> <span class='ocrx_word' id='word_1_112' title='bbox 537 2326 629 2423; x_wconf 93' lang='lat' dir='ltr'>quod</span> <span class='ocrx_word' id='word_1_113' title='bbox 650 2325 803 2425; x_wconf 90' lang='lat' dir='ltr'>iniquior</span> <span class='ocrx_word' id='word_1_114' title='bbox 835 2327 883 2398; x_wconf 84' lang='lat' dir='ltr'>est</span> <span class='ocrx_word' id='word_1_115' title='bbox 915 2325 950 2396; x_wconf 92' lang='lat' dir='ltr'>in</span> <span class='ocrx_word' id='word_1_116' title='bbox 978 2325 1066 2397; x_wconf 90' lang='lat' dir='ltr'>illam</span> <span class='ocrx_word' id='word_1_117' title='bbox 1092 2329 1256 2400; x_wconf 81' lang='lat' dir='ltr'>Meursius</span> <span class='ocrx_word' id='word_1_118' title='bbox 1282 2330 1319 2404; x_wconf 92' lang='lat' dir='ltr'>in</span> 
     </span>
     <span class='ocr_line' id='line_1_18' title="bbox 358 2437 1319 2536; baseline 0.003 -26"><span class='ocrx_word' id='word_1_119' title='bbox 358 2437 584 2535; x_wconf 73' lang='lat' dir='ltr'>praefatione,</span> <span class='ocrx_word' id='word_1_120' title='bbox 601 2462 701 2535; x_wconf 81' lang='lat' dir='ltr'>quani</span> <span class='ocrx_word' id='word_1_121' title='bbox 731 2437 850 2511; x_wconf 84' lang='lat' dir='ltr'>deinde</span> <span class='ocrx_word' id='word_1_122' title='bbox 871 2439 987 2510; x_wconf 86' lang='lat' dir='ltr'>damus</span> <span class='ocrx_word' id='word_1_123' title='bbox 1009 2437 1090 2511; x_wconf 86' lang='lat' dir='ltr'>loco</span> <span class='ocrx_word' id='word_1_124' title='bbox 1112 2458 1198 2511; x_wconf 84' lang='lat' dir='ltr'>xttt.</span> <span class='ocrx_word' id='word_1_125' title='bbox 1218 2440 1319 2536; x_wconf 81' lang='lat' dir='ltr'>Sepa-</span> 
     </span>
     <span class='ocr_line' id='line_1_19' title="bbox 357 2545 1332 2645; baseline 0.002 -26"><span class='ocrx_word' id='word_1_126' title='bbox 357 2547 457 2619; x_wconf 90' lang='lat' dir='ltr'>ratim</span> <span class='ocrx_word' id='word_1_127' title='bbox 485 2547 584 2619; x_wconf 88' lang='lat' dir='ltr'>etiam</span> <span class='ocrx_word' id='word_1_128' title='bbox 617 2545 753 2618; x_wconf 91' lang='lat' dir='ltr'>vendita</span> <span class='ocrx_word' id='word_1_129' title='bbox 776 2547 929 2643; x_wconf 81' lang='lat' dir='ltr'>quaedatn</span> <span class='ocrx_word' id='word_1_130' title='bbox 957 2548 1222 2620; x_wconf 82' lang='lat' dir='ltr'>Meurstanarum</span> <span class='ocrx_word' id='word_1_131' title='bbox 1252 2574 1332 2645; x_wconf 85' lang='lat' dir='ltr'>no·¹</span> 
     </span>
     <span class='ocr_line' id='line_1_20' title="bbox 359 2655 1335 2752; baseline 0.002 -24"><span class='ocrx_word' id='word_1_132' title='bbox 359 2677 469 2728; x_wconf 89' lang='lat' dir='ltr'>tatum</span> <span class='ocrx_word' id='word_1_133' title='bbox 493 2655 647 2751; x_wconf 86' lang='lat' dir='ltr'>exempla</span> <span class='ocrx_word' id='word_1_134' title='bbox 667 2655 745 2727; x_wconf 92' lang='lat' dir='ltr'>inde</span> <span class='ocrx_word' id='word_1_135' title='bbox 761 2657 889 2751; x_wconf 88' lang='lat' dir='ltr'>colligo</span> <span class='ocrx_word' id='word_1_136' title='bbox 903 2709 914 2745; x_wconf 88' lang='lat'>,</span> <span class='ocrx_word' id='word_1_137' title='bbox 928 2658 1022 2752; x_wconf 92' lang='lat' dir='ltr'>quod</span> <span class='ocrx_word' id='word_1_138' title='bbox 1043 2682 1113 2728; x_wconf 92' lang='lat' dir='ltr'>non</span> <span class='ocrx_word' id='word_1_139' title='bbox 1135 2656 1335 2731; x_wconf 73' lang='grc'>1101111110-1</span> 
     </span>
     <span class='ocr_line' id='line_1_21' title="bbox 360 2763 1319 2863; baseline 0.002 -25"><span class='ocrx_word' id='word_1_140' title='bbox 360 2768 408 2839; x_wconf 91' lang='lat' dir='ltr'>do</span> <span class='ocrx_word' id='word_1_141' title='bbox 423 2764 617 2862; x_wconf 88' lang='lat' dir='ltr'>paginarum</span> <span class='ocrx_word' id='word_1_142' title='bbox 637 2764 736 2836; x_wconf 85' lang='lat' dir='ltr'>series</span> <span class='ocrx_word' id='word_1_143' title='bbox 762 2765 797 2835; x_wconf 94' lang='lat' dir='ltr'>in</span> <span class='ocrx_word' id='word_1_144' title='bbox 815 2763 856 2838; x_wconf 87' lang='lat' dir='ltr'>iis</span> <span class='ocrx_word' id='word_1_145' title='bbox 874 2785 1032 2838; x_wconf 85' lang='lat' dir='ltr'>notatur:</span> <span class='ocrx_word' id='word_1_146' title='bbox 1051 2766 1121 2853; x_wconf 77' lang='lat' dir='ltr'>sed,</span> <span class='ocrx_word' id='word_1_147' title='bbox 1134 2768 1228 2861; x_wconf 88' lang='lat' dir='ltr'>quod</span> <span class='ocrx_word' id='word_1_148' title='bbox 1250 2770 1319 2863; x_wconf 87' lang='lat' dir='ltr'>pri·</span> 
     </span>
     <span class='ocr_line' id='line_1_22' title="bbox 361 2873 1318 2971; baseline 0.002 -25"><span class='ocrx_word' id='word_1_149' title='bbox 361 2902 416 2947; x_wconf 87' lang='lat' dir='ltr'>ma</span> <span class='ocrx_word' id='word_1_150' title='bbox 436 2876 568 2948; x_wconf 87' lang='lat' dir='ltr'>illarum</span> <span class='ocrx_word' id='word_1_151' title='bbox 593 2873 725 2969; x_wconf 84' lang='lat' dir='ltr'>plagula</span> <span class='ocrx_word' id='word_1_152' title='bbox 749 2874 843 2945; x_wconf 90' lang='lat' dir='ltr'>litera</span> <span class='ocrx_word' id='word_1_153' title='bbox 864 2877 890 2946; x_wconf 91' lang='lat' dir='ltr'>B</span> <span class='ocrx_word' id='word_1_154' title='bbox 909 2874 1073 2969; x_wconf 76' lang='lat' dir='ltr'>signatur:</span> <span class='ocrx_word' id='word_1_155' title='bbox 1097 2896 1134 2945; x_wconf 91' lang='lat' dir='ltr'>ut</span> <span class='ocrx_word' id='word_1_156' title='bbox 1152 2875 1318 2971; x_wconf 89' lang='lat' dir='ltr'>intelliga-</span> 
     </span>
     <span class='ocr_line' id='line_1_23' title="bbox 363 2981 1321 3078; baseline 0 -24"><span class='ocrx_word' id='word_1_157' title='bbox 363 3007 456 3071; x_wconf 79' lang='lat' dir='ltr'>mus,</span> <span class='ocrx_word' id='word_1_158' title='bbox 475 2995 514 3074; x_wconf 68' lang='grc' dir='ltr'>τῇ</span> <span class='ocrx_word' id='word_1_159' title='bbox 537 2990 565 3055; x_wconf 80' lang='grc' dir='ltr'>Α</span> <span class='ocrx_word' id='word_1_160' title='bbox 587 2983 748 3054; x_wconf 87' lang='lat' dir='ltr'>tributum</span> <span class='ocrx_word' id='word_1_161' title='bbox 771 3009 846 3055; x_wconf 89' lang='lat' dir='ltr'>cum</span> <span class='ocrx_word' id='word_1_162' title='bbox 872 2982 1127 3078; x_wconf 80' lang='lat' dir='ltr'>praefationibus</span> <span class='ocrx_word' id='word_1_163' title='bbox 1149 2981 1253 3053; x_wconf 81' lang='lat' dir='ltr'>libelii</span> <span class='ocrx_word' id='word_1_164' title='bbox 1276 2983 1321 3054; x_wconf 88' lang='lat' dir='ltr'>ti·</span> 
     </span>
     <span class='ocr_line' id='line_1_24' title="bbox 362 3090 1319 3164; baseline -0.002 0"><span class='ocrx_word' id='word_1_165' title='bbox 362 3093 484 3164; x_wconf 88' lang='lat' dir='ltr'>tulum.</span> <span class='ocrx_word' id='word_1_166' title='bbox 500 3091 687 3164; x_wconf 85' lang='lat' dir='ltr'>Minutiora</span> <span class='ocrx_word' id='word_1_167' title='bbox 705 3092 776 3164; x_wconf 85' lang='lat' dir='ltr'>haec</span> <span class='ocrx_word' id='word_1_168' title='bbox 798 3090 933 3164; x_wconf 72' lang='lat' dir='ltr'>fortasse</span> <span class='ocrx_word' id='word_1_169' title='bbox 952 3091 1150 3164; x_wconf 88' lang='lat' dir='ltr'>videantur:</span> <span class='ocrx_word' id='word_1_170' title='bbox 1166 3091 1221 3163; x_wconf 89' lang='lat' dir='ltr'>sed</span> <span class='ocrx_word' id='word_1_171' title='bbox 1242 3117 1319 3163; x_wconf 88' lang='lat' dir='ltr'>cum</span> 
     </span>
     <span class='ocr_line' id='line_1_25' title="bbox 362 3199 1320 3297; baseline -0.002 -24"><span class='ocrx_word' id='word_1_172' title='bbox 362 3201 496 3274; x_wconf 84' lang='lat' dir='ltr'>mutatis</span> <span class='ocrx_word' id='word_1_173' title='bbox 511 3201 663 3297; x_wconf 87' lang='lat' dir='ltr'>personis</span> <span class='ocrx_word' id='word_1_174' title='bbox 683 3203 796 3272; x_wconf 88' lang='lat' dir='ltr'>eadem</span> <span class='ocrx_word' id='word_1_175' title='bbox 810 3219 924 3296; x_wconf 87' lang='lat' dir='ltr'>agatur</span> <span class='ocrx_word' id='word_1_176' title='bbox 935 3199 1018 3295; x_wconf 84' lang='lat' dir='ltr'>saepe</span> <span class='ocrx_word' id='word_1_177' title='bbox 1034 3199 1146 3273; x_wconf 88' lang='lat' dir='ltr'>fabula</span> <span class='ocrx_word' id='word_1_178' title='bbox 1160 3254 1171 3286; x_wconf 88' lang='lat'>‚</span> <span class='ocrx_word' id='word_1_179' title='bbox 1185 3199 1320 3273; x_wconf 84' lang='lat' dir='ltr'>interest</span> 
     </span>
     <span class='ocr_line' id='line_1_26' title="bbox 267 3308 1319 3415; baseline -0.002 -33"><span class='ocrx_word' id='word_1_180' title='bbox 267 3406 274 3415; x_wconf 94' lang='lat'><strong><em>.</em></strong></span> <span class='ocrx_word' id='word_1_181' title='bbox 364 3311 483 3382; x_wconf 85' lang='lat' dir='ltr'>harum</span> <span class='ocrx_word' id='word_1_182' title='bbox 501 3310 619 3382; x_wconf 87' lang='lat' dir='ltr'>artium</span> <span class='ocrx_word' id='word_1_183' title='bbox 643 3311 790 3383; x_wconf 83' lang='lat' dir='ltr'>noneffe</span> <span class='ocrx_word' id='word_1_184' title='bbox 804 3311 973 3408; x_wconf 87' lang='lat' dir='ltr'>ignarum,</span> <span class='ocrx_word' id='word_1_185' title='bbox 994 3310 1054 3409; x_wconf 92' lang='lat' dir='ltr'>qui</span> <span class='ocrx_word' id='word_1_186' title='bbox 1068 3310 1102 3380; x_wconf 94' lang='lat' dir='ltr'>in</span> <span class='ocrx_word' id='word_1_187' title='bbox 1126 3308 1217 3382; x_wconf 89' lang='lat' dir='ltr'>libris</span> <span class='ocrx_word' id='word_1_188' title='bbox 1239 3335 1319 3382; x_wconf 85' lang='lat' dir='ltr'>ver·</span> 
     </span>
     <span class='ocr_line' id='line_1_27' title="bbox 361 3417 1320 3505; baseline -0.002 -15"><span class='ocrx_word' id='word_1_189' title='bbox 361 3418 468 3490; x_wconf 85' lang='lat' dir='ltr'>setur.</span> <span class='ocrx_word' id='word_1_190' title='bbox 486 3420 745 3505; x_wconf 81' lang='lat' dir='ltr'>Meurstanarum</span> <span class='ocrx_word' id='word_1_191' title='bbox 761 3419 1034 3491; x_wconf 86' lang='lat' dir='ltr'>emendationum</span> <span class='ocrx_word' id='word_1_192' title='bbox 1059 3417 1183 3491; x_wconf 89' lang='lat' dir='ltr'>fundus</span> <span class='ocrx_word' id='word_1_193' title='bbox 1197 3418 1243 3490; x_wconf 89' lang='lat' dir='ltr'>est</span> <span class='ocrx_word' id='word_1_194' title='bbox 1258 3421 1320 3489; x_wconf 89' lang='lat' dir='ltr'>Ba·</span> 
     </span>
    </p>
   </div>
   <div class='ocr_carea' id='block_1_3' title="bbox 360 3523 1320 4058">
    <p class='ocr_par' dir='ltr' id='par_1_3' title="bbox 360 3523 1320 4058">
     <span class='ocr_line' id='line_1_28' title="bbox 360 3523 1319 3624; baseline -0.001 -27"><span class='ocrx_word' id='word_1_195' title='bbox 360 3523 511 3597; x_wconf 84' lang='lat' dir='ltr'>fileenfis</span> <span class='ocrx_word' id='word_1_196' title='bbox 526 3527 661 3598; x_wconf 84' lang='lat' dir='ltr'>Catonis</span> <span class='ocrx_word' id='word_1_197' title='bbox 674 3527 905 3621; x_wconf 79' lang='lat' dir='ltr'>Varronisque</span> <span class='ocrx_word' id='word_1_198' title='bbox 917 3525 1022 3598; x_wconf 87' lang='lat' dir='ltr'>editio</span> <span class='ocrx_word' id='word_1_199' title='bbox 1040 3549 1147 3624; x_wconf 86' lang='lat'>1521,</span> <span class='ocrx_word' id='word_1_200' title='bbox 1162 3530 1319 3624; x_wconf 85' lang='lat' dir='ltr'>8,quam</span> 
     </span>
     <span class='ocr_line' id='line_1_29' title="bbox 362 3634 1320 3733; baseline 0 -27"><span class='ocrx_word' id='word_1_201' title='bbox 362 3660 441 3706; x_wconf 88' lang='lat' dir='ltr'>cum</span> <span class='ocrx_word' id='word_1_202' title='bbox 456 3634 663 3707; x_wconf 86' lang='lat' dir='ltr'>Coloniense</span> <span class='ocrx_word' id='word_1_203' title='bbox 677 3635 844 3733; x_wconf 87' lang='lat' dir='ltr'>Gymnici</span> <span class='ocrx_word' id='word_1_204' title='bbox 867 3635 1074 3725; x_wconf 85' lang='lat' dir='ltr'>convenire,</span> <span class='ocrx_word' id='word_1_205' title='bbox 1088 3637 1157 3733; x_wconf 88' lang='lat' dir='ltr'>ipse</span> <span class='ocrx_word' id='word_1_206' title='bbox 1176 3662 1247 3709; x_wconf 90' lang='lat' dir='ltr'>non</span> <span class='ocrx_word' id='word_1_207' title='bbox 1261 3659 1320 3706; x_wconf 90' lang='lat' dir='ltr'>ne·</span> 
     </span>
     <span class='ocr_line' id='line_1_30' title="bbox 362 3743 1318 3844; baseline 0.003 -27"><span class='ocrx_word' id='word_1_208' title='bbox 362 3763 439 3839; x_wconf 85' lang='lat' dir='ltr'>gat,</span> <span class='ocrx_word' id='word_1_209' title='bbox 462 3745 500 3815; x_wconf 88' lang='lat'>&amp;</span> <span class='ocrx_word' id='word_1_210' title='bbox 523 3743 664 3815; x_wconf 79' lang='lat' dir='ltr'>collatio</span> <span class='ocrx_word' id='word_1_211' title='bbox 689 3743 755 3838; x_wconf 84' lang='lat' dir='ltr'>ipsa</span> <span class='ocrx_word' id='word_1_212' title='bbox 781 3769 835 3815; x_wconf 88' lang='lat' dir='ltr'>me</span> <span class='ocrx_word' id='word_1_213' title='bbox 857 3745 988 3817; x_wconf 91' lang='lat' dir='ltr'>docuit.</span> <span class='ocrx_word' id='word_1_214' title='bbox 1012 3747 1098 3818; x_wconf 90' lang='lat' dir='ltr'>Cum</span> <span class='ocrx_word' id='word_1_215' title='bbox 1117 3747 1221 3844; x_wconf 87' lang='lat' dir='ltr'>igitur</span> <span class='ocrx_word' id='word_1_216' title='bbox 1238 3769 1271 3814; x_wconf 88' lang='lat' dir='ltr'>v.</span> <span class='ocrx_word' id='word_1_217' title='bbox 1287 3768 1318 3841; x_wconf 88' lang='lat' dir='ltr'>g.</span> 
     </span>
     <span class='ocr_line' id='line_1_31' title="bbox 361 3840 1320 3950; baseline 0.005 -26"><span class='ocrx_word' id='word_1_218' title='bbox 361 3854 404 3924; x_wconf 92' lang='lat' dir='ltr'>ad</span> <span class='ocrx_word' id='word_1_219' title='bbox 426 3855 501 3925; x_wconf 84' lang='lat' dir='ltr'>Cat.</span> <span class='ocrx_word' id='word_1_220' title='bbox 533 3877 633 3943; x_wconf 85' lang='lat'>10,4</span> <span class='ocrx_word' id='word_1_221' title='bbox 656 3880 696 3924; x_wconf 85' lang='lat' dir='ltr'>ex</span> <span class='ocrx_word' id='word_1_222' title='bbox 718 3855 848 3927; x_wconf 87' lang='lat' dir='ltr'>Codice</span> <span class='ocrx_word' id='word_1_223' title='bbox 868 3854 949 3939; x_wconf 87' lang='lat' dir='ltr'>suo,</span> <span class='ocrx_word' id='word_1_224' title='bbox 970 3881 1068 3950; x_wconf 86' lang='lat' dir='ltr'>quem</span> <span class='ocrx_word' id='word_1_225' title='bbox 1082 3853 1229 3927; x_wconf 83' lang='lat' dir='ltr'>mirificis</span> <span class='ocrx_word' id='word_1_226' title='bbox 1248 3840 1320 3929; x_wconf 51' lang='lat' dir='ltr'>tnass</span> 
     </span>
     <span class='ocr_line' id='line_1_32' title="bbox 360 3962 1319 4058; baseline 0.002 -19"><span class='ocrx_word' id='word_1_227' title='bbox 360 3962 427 4040; x_wconf 74' lang='lat' dir='ltr'>diat</span> <span class='ocrx_word' id='word_1_228' title='bbox 454 3962 637 4054; x_wconf 85' lang='lat' dir='ltr'>laudibus,</span> <span class='ocrx_word' id='word_1_229' title='bbox 651 3968 739 4037; x_wconf 83' lang='lat' dir='ltr'>dolia</span> <span class='ocrx_word' id='word_1_230' title='bbox 764 3970 879 4037; x_wconf 82' lang='lat' dir='ltr'>olearia</span> <span class='ocrx_word' id='word_1_231' title='bbox 902 3986 961 4038; x_wconf 80' lang='lat' dir='ltr'>XV</span> <span class='ocrx_word' id='word_1_232' title='bbox 979 3965 1112 4055; x_wconf 87' lang='lat' dir='ltr'>laudet,</span> <span class='ocrx_word' id='word_1_233' title='bbox 1133 3964 1161 4036; x_wconf 89' lang='lat' dir='ltr'>is</span> <span class='ocrx_word' id='word_1_234' title='bbox 1181 3985 1319 4058; x_wconf 83' lang='lat' dir='ltr'>autent,</span> 
     </span>
    </p>
   </div>
   <div class='ocr_carea' id='block_1_4' title="bbox 0 0 1769 5084">
    <p class='ocr_par' dir='ltr' id='par_1_4' title="bbox 0 0 1769 5084">
     <span class='ocr_line' id='line_1_33' title="bbox 0 0 1769 5084; baseline 0 0"><span class='ocrx_word' id='word_1_235' title='bbox 0 0 1769 5084; x_wconf 95' lang='lat' dir='ltr'> </span> 
     </span>
    </p>
   </div>
  </div>
 </body>
</html>
