3509 5084
478 516 1180 661 uunauutrlcn.
1315 548 1359 614 27

395 681 564 775 Trapetus
585 695 691 751 emtus
710 677 790 747 est
781 703 815 747 tn
838 676 997 749 Suessano
1012 678 1081 775 ††
1110 665 1222 751 cuce.
1237 679 1360 752 &olei
1427 679 1430 685 ’
1506 672 1510 681 ’

390 776 431 887 'p
445 782 473 863 l'
482 791 704 884 compodurae
720 790 789 887 ἡ
790 808 850 858 ιΧ.
869 789 1005 860 vestuta
1027 790 1131 865 boum
1141 812 1289 884 operas
1302 789 1361 861 sex

397 899 554 993 homines
568 920 621 971 vt.
636 923 713 970 rum
729 897 883 970 bubulcis
897 899 951 997 ἢ
965 917 1057 971 Lxlt.
1073 923 1192 993 cupam
1207 917 1363 981 ornatam

368 1008 373 1015 “
395 1009 453 1109 ††
474 1030 595 1079 nxxn.
616 1033 680 1104 pro
700 1009 781 1080 oleo
793 1009 870 1107 ††··
880 1031 912 1080 Ρ.
928 1030 1026 1082 xxv.
1039 1029 1068 1081 S.
1079 1029 1107 1081 S.
1123 997 1176 1108 ἢ
1192 1028 1363 1082 ucxxrx.

396 1117 568 1214 Pompeiis
588 1137 697 1191 emtus
716 1139 856 1191 ornatus
877 1120 932 1219 ᾔ
957 1141 1200 1194 ςςςιΧΧΧΙν.
1222 1121 1363 1192 vedura

398 1230 454 1328 ᾗ
480 1248 654 1300 ccuxxx.
688 1227 797 1307 Domi
821 1230 953 1317 melius¹
970 1231 1219 1317 concinnatur,
1243 1232 1281 1303 δι
1301 1253 1364 1301 ac-

389 1336 648 1433 'commodatur
673 1330 846 1414 En'sumti
862 1336 1020 1430 opusdst.
1043 1339 1097 1438 ἢ
1123 1358 1185 1411 Lx.
1201 1337 1363 1423 Summa,

355 1492 359 1499 ·
397 1445 469 1545 ἡ·
493 1462 681 1516 Dccxxw.
703 1442 737 1515 St
751 1441 882 1516 orbes
873 1468 908 1516 tn
923 1466 1055 1519 veteres
1070 1463 1219 1542 trapetos
1233 1443 1364 1540 parabts
1413 1531 1415 1535 Ι

396 1552 531 1627 medios
549 1550 762 1626 craffosvmt
784 1552 909 1650 digitos
927 1575 983 1626 ιη.
1004 1555 1138 1632 altosv.
1161 1577 1185 1627 1
1207 1553 1363 1626 foramen
1415 1580 1419 1589 ¹
1478 1604 1481 1631 ‚

397 1646 598 1758 semipedem
620 1665 913 1762 quoquoversum
937 1688 997 1737 eos
1010 1690 1089 1738 cum
1107 1663 1307 1752 adveneris,
1321 1689 1366 1735 ex

389 1790 530 1875 trapeto
552 1792 754 1881 temperato
783 1773 810 1845 li
833 1792 993 1846 emuntur
1020 1774 1063 1845 ad
1084 1772 1181 1845 Rufri
1203 1772 1364 1846 macerias

374 1882 469 1980 ¹††·
485 1903 631 1955 CLXXX.
651 1903 882 1980 temperantur
896 1886 951 1985 ᾗ
964 1906 1062 1960 xxx,
1075 1885 1238 1959 tantidem
1258 1885 1364 1956 Pom-

395 1992 482 2089 pejis
503 1992 634 2067 emitur.

389 2178 392 2183 ,
426 2103 582 2177 Χ.ΧΙΙῘ
580 2106 675 2191 Face
694 2104 739 2177 ad
761 2102 989 2191 vindemiam,
1001 2128 1077 2198 quae
1095 2125 1184 2199 opus
1203 2102 1298 2189 sunt,
1313 2100 1363 2173 uti

378 2306 382 2313 .
395 2230 569 2309 parentur.
596 2212 673 2285 vasa
696 2214 877 2285 laventur:
904 2213 1055 2285 corbulae
1085 2210 1287 2284 sarciantur:
1309 2209 1365 2304 pi·
1451 2285 1458 2293 ,

398 2316 521 2393 'dentur
538 2320 649 2395 dolia:
662 2348 737 2419 quae
756 2347 845 2420 opus
861 2320 958 2412 sunt,
975 2321 1139 2417 picentur.
1160 2345 1236 2392 cum
1251 2317 1362 2414 pluet,

386 2428 710 2527 ,qualaparentun
741 2432 933 2505 sarciantur.
966 2430 1018 2504 sar
1043 2430 1221 2504 molatur,
1237 2431 1362 2500 Benna:

396 2557 560 2613 emantur.
576 2540 663 2611 ole‘ae
684 2541 818 2615 caducae
829 2540 1015 2622 salliuntur.
1039 2544 1135 2617 Uvas
1146 2536 1309 2611 miscellas
1320 2536 1365 2608 ad
1461 2556 1463 2561 ·
1485 2599 1487 2602 ,

397 2644 518 2720 vinum
539 2644 818 2742 ⁴praeliganeum,
844 2648 938 2743 quod
965 2647 1116 2743 operarii·
1143 2645 1279 2732 bibant,
1305 2644 1366 2718 ubi

389 2773 531 2851 ¹tempus
550 2755 631 2844 erit,
647 2755 763 2854 legito.
779 2756 903 2830 slccum
921 2759 1049 2867 puriter
1063 2758 1218 2831 omnium
1232 2754 1365 2828 dierum

395 2863 524 2960 pariter
551 2863 587 2934 in
608 2863 700 2935 dolia
726 2863 894 2939 dividito.-
909 2867 944 2938 Si
968 2891 1055 2961 opus
1082 2867 1169 2951 erin,
1194 2862 1364 2936 defrutum

396 2972 529 3047 iudiro
521 2999 557 3044 m
576 2974 740 3063 mustum,
756 2976 796 3047 de
810 2974 921 3047 musio
936 2975 1047 3049 lixivo
1068 2975 1365 3071 rodum,partem

396 3081 680 3189 quadragestmam
694 3086 810 3160 addito
824 3086 966 3174 defruti,
976 3084 1033 3158 vel
1048 3085 1122 3159 salis
1137 3083 1366 3182 sesquilibram

396 3184 434 3264 ih
460 3191 617 3264 culleum.
645 3197 796 3268 Marmor
819 3195 843 3269 si
866 3192 996 3269 indes'
987 3219 1023 3266 tn
1050 3194 1220 3284 culleum,
1244 3192 1367 3267 libram

397 3300 524 3375 indito.
545 3301 580 3375 td
593 3302 729 3375 tndtto
720 3331 755 3375 tn
770 3332 907 3390 urnam
923 3303 1065 3378 misceto
1085 3327 1163 3377 cum
1186 3301 1309 3375 musto,
1330 3302 1367 3373 id

396 3409 510 3485 indito
524 3412 560 3484 in
577 3414 720 3488 dolium.
734 3416 874 3487 resinam
888 3416 912 3485 st
929 3415 1043 3500 indes,
1057 3413 1094 3483 in
1106 3412 1254 3485 culleum
1267 3410 1366 3483 musti

399 3542 431 3595 v.
443 3543 498 3594 111.
511 3522 595 3593 bene
609 3525 856 3612 comminuim,
870 3523 981 3594 indito
994 3523 1030 3593 in
1041 3519 1197 3594 fiscellam
1208 3524 1247 3595 δι
1261 3521 1365 3594 sacito

396 3632 447 3704 uti
469 3633 505 3704 in
526 3632 625 3705 dolio
651 3633 746 3705 musti
771 3632 926 3729 pendeat.
946 3656 1019 3705 eam
1042 3632 1194 3729 quaffato
1219 3634 1364 3720 crebro,

367 3741 455 3819 ·.uti
470 3742 577 3817 retina
600 3744 823 3840 condeliques
820 3763 884 3816 cat
904 3742 1068 3821 Indidetis
1094 3741 1286 3830 defrutum,
1304 3760 1364 3814 aut
1480 3741 1483 3747 ’

396 3836 567 3941 marmur,
580 3873 639 3926 aut
657 3852 818 3939 resinam,
834 3852 905 3926 dies
926 3873 994 3929 ΧΧ.
1011 3850 1212 3948 permisceto
1227 3848 1364 3939 crebro,

396 3960 561 4045 tribulato
581 3962 748 4063 quotidie.
769 3962 957 4041 Tortivum
977 3963 1120 4044 mustum
1139 3957 1363 4044 circumcida-
