3509 5084
365 606 369 612 .
441 524 593 605 clxxxvi
683 535 732 604 u.
757 488 963 604 rouen
989 533 1240 605 curouts

443 701 488 766 ba
508 693 620 784 nuptia
640 691 676 760 itt
700 692 846 761 manibus
859 693 959 786 sitm,
976 696 1105 763 Catonis
1114 694 1230 784 filius,
1245 692 1397 766 adhibitis

441 798 611 907 mceffitriis
623 853 634 890 ,
648 801 803 899 requistuit
819 806 975 895 depacta,
989 830 1049 897 quo
1058 805 1121 895 βιο
1130 798 1273 894 peccata,
1287 812 1339 877 rel
1347 802 1398 895 of·

434 911 547 1004 senso,
561 911 1022 1008 uouercumfibisuperduterer.
1042 916 1093 982 cui
1106 915 1182 983 Cato
1194 916 1397 1001 exclamans,

440 1023 539 1088 Boua
553 1019 661 1109 uerba,
674 1021 796 1112 iuquit,
809 1020 872 1108 fili.
895 1021 1018 1091 Omnia
1030 1019 1123 1109 falla
1141 1040 1195 1091 rua
1206 1044 1297 1116 grata
1317 1023 1400 1091 mibi

432 1131 517 1225 sum
525 1179 539 1214 ‚
551 1153 659 1221 aeque,
672 1134 758 1221 quod
769 1154 893 1221 querar,
907 1134 1078 1223 quidquam
1100 1132 1194 1201 babeo
1206 1130 1400 1224 :sedplures
1479 1198 1481 1205 .

443 1239 532 1330 cupio
549 1240 628 1309 mibi
641 1235 781 1327 filios&
803 1245 882 1312 ciues
898 1242 1013 1330 patria
1031 1241 1255 1334 relinqueretui
1267 1239 1401 1338 fimiles.

362 1344 370 1361 “
443 1347 543 1418 Hanc
557 1350 746 1441 senteutiam
763 1347 876 1436 seruat
895 1350 986 1441 prius
1005 1349 1198 1448 Pifistrarum
1224 1346 1403 1447 usterpaffe,

443 1460 680 1558 Arbeuimstum
693 1481 864 1550 tyrannum
875 1510 888 1546 ,
900 1486 967 1530 cum
976 1511 988 1546 ,
997 1463 1114 1528 adultis
1120 1460 1222 1549 filiis,
1226 1462 1403 1552 secuudum

444 1593 572 1636 uxorem
593 1564 729 1664 duxiffet
751 1570 935 1663 Argolicam
956 1564 1193 1666 Timonaffitm:
1211 1598 1252 1639 tx
1264 1596 1326 1665 qua
1345 1568 1402 1638 Jo-

414 1700 417 1707 ·
443 1672 639 1766 piantem&
662 1672 835 1774 Tbeffitlum
844 1676 942 1766 fama
963 1678 1004 1777 ιβ
1021 1680 1140 1772 genitos
1152 1676 1262 1775 fttiffe.
1281 1683 1341 1749 Ex
1360 1680 1404 1748 iis

448 1787 568 1874 nuptiis
590 1810 686 1856 natus
711 1788 825 1857 Catoni
844 1787 886 1886 ιβ
893 1790 1009 1879 filius,
1024 1790 1074 1857 cui
1094 1813 1116 1856 a
1136 1810 1233 1856 matra
1251 1809 1405 1879 agnomen

448 1897 476 1961 S
477 1897 618 1964 alonium
633 1897 774 1966 reddidit.
786 1894 900 1986 Major
900 1899 993 1995 filius
1006 1900 1040 1966 iu
1050 1919 1185 1988 pratum
1197 1893 1333 1991 dcceffic:
1349 1921 1417 1964 cu*
1464 1888 1467 1895 ¹

441 2003 501 2094 jus
512 2007 643 2077 crebram
654 2011 731 2078 Cato
740 2013 776 2078 itt
788 2011 875 2079 libris
880 2011 972 2101 suis,
985 2011 1138 2104 utegtegii
1144 2007 1307 2098 viri,facit
1316 2032 1406 2077 mert-

447 2117 573 2188 tionem.
587 2119 748 2189 Moderate
760 2142 860 2190 autem
872 2115 1068 2212 &sapienter
1073 2122 1188 2190 dicitur
1194 2146 1261 2187 eam
1273 2121 1407 2190 calami·

447 2246 541 2295 ratem
558 2223 655 2324 tuliffi
667 2280 679 2316 ,
691 2255 745 2298 uec
763 2232 833 2300 ideo
845 2233 997 2300 redditum
1010 2235 1046 2328 itt
1064 2233 1218 2323 republica
1222 2230 1408 2323 seguiorem.

449 2336 558 2428 Neque
568 2339 649 2407 euim
659 2386 670 2426 ‚
681 2361 716 2407 ut
728 2339 877 2408 Lucullus
886 2339 1100 2438 pcfimodum,
1113 2335 1145 2409 b
1158 2341 1301 2407 Metellus
1313 2337 1410 2424 Pius,

450 2450 589 2541 elanguit
595 2448 688 2538 sertio
698 2451 744 2516 ad
753 2449 969 2539 rempublicam
984 2451 1147 2540 gerendam
1157 2499 1169 2533 ‚
1179 2471 1294 2517 munus
1306 2446 1410 2514 adbuc

427 2643 428 2647 Ἰ
442 2556 539 2649 suum
565 2561 679 2627 duceres
699 2559 867 2647 reipublicae
893 2555 1219 2654 administrationem
1243 2580 1356 2646 neque,
1374 2573 1412 2622 ut

411 2660 415 2679 ²
452 2686 523 2732 ante
535 2665 642 2754 Scipio
654 2661 852 2751 Africanus,
866 2667 904 2732 ab
916 2665 1115 2733 incurrentem
1125 2665 1160 2730 itt
1170 2663 1306 2755 gloriam
1335 2688 1410 2731 uam

452 2773 611 2843 iuvidiam
630 2772 755 2865 auersus
773 2800 794 2842 a
812 2777 932 2864 populo
950 2773 1129 2841 immutarit
1144 2772 1207 2863 se,
1227 2793 1318 2860 atqua
1341 2775 1411 2843 rita

453 2887 573 2976 reliqum
586 2885 687 2976 finem
700 2887 739 2955 ‘irc
758 2887 822 2954 o'tio
841 2882 972 2976 posuit:
981 2880 1135 2981 sedstcut
1151 2881 1316 2980 Diouyfio
1337 2884 1411 2972 qui·

453 2997 527 3064 dam
538 2993 663 3092 βιαβι,
678 3016 714 3063 ut
728 3019 788 3084 pro
801 2995 1018 3087 pulcherrimis
1037 2991 1192 3085 exsequiis
1211 2990 1411 3084 tyrannidem
1456 3070 1460 3078 Ι

455 3103 842 3194 baberet,·pulcbertimam
859 3101 1026 3194 seaec'lutis'
1043 3101 1267 3173 traduiliorum
1281 3100 1412 3193 publica
1484 3184 1486 3189 Α

456 3214 580 3307 negotia
607 3215 746 3300 ducem,
768 3210 994 3307 remiffloaibus
1021 3206 1332 3281 &obtestationibus
1357 3234 1415 3304 per

457 3325 555 3395 otium
575 3324 715 3399 utebatur
724 3373 738 3408 ,
749 3323 844 3393 libros
863 3323 1072 3414 comparcendo
1084 3317 1117 3393 ὃ
1128 3323 1331 3391 ruscolendo.

506 3435 559 3501 Ac
571 3434 661 3502 uaria
670 3431 790 3524 quidem
796 3429 921 3523 scripta
933 3429 1128 3532 historiasque
1136 3450 1356 3498 commentatus
1365 3423 1414 3523 ιβ

459 3545 664 3641 Agriculturu
679 3569 801 3636 operam
820 3543 928 3631 dedit,
941 3547 977 3614 irt
992 3540 1153 3627 juveutute
1171 3545 1263 3611 etiam
1274 3560 1417 3630 ,propter

459 3659 705 3727 emolumentum
724 3655 810 3724 Nam
822 3650 952 3724 'duobus
969 3654 1127 3746 generibus
1143 3652 1312 3757 dumthat
1330 3670 1414 3736 qua·

458 3764 520 3840 lius
539 3762 627 3856 aitfe
640 3761 749 3856 testem,
764 3763 954 3860 agricultura
971 3757 1005 3832 ἃ
1012 3759 1218 3860 parfimouia.
1238 3759 1326 3826 Tunc
1340 3782 1414 3846 ope·

460 3899 496 3945 ra
514 3876 623 3978 rustica
642 3870 815 3967 prabebant
835 3875 862 3941 ei
882 3871 1105 3964 obltilatioaem
1128 3865 1416 3956 &contemplatio-

462 3992 541 4053 t'tem.
563 3979 693 4084 Scripfir
704 3984 867 4080 quoquede
882 4006 913 4052 re
931 3980 1041 4074 ruliica
1051 3972 1185 4070 librum,
1197 3979 1232 4049 ire
1244 3975 1414 4071 quo'etiam
