3509 5084
446 378 463 407 l

463 579 509 645 42
611 494 1299 626 nuouciuscr-To

398 758 401 763 ·
463 708 598 795 vilico,
617 709 730 782 vilicae
743 691 889 803 'epistatae
901 706 1072 803 ,opilioni
1088 708 1224 780 modios
1242 729 1298 807 111.
1317 709 1424 780 Comi

403 804 410 813 ’
462 819 585 914 peditis
603 844 662 917 pet
681 819 827 892 hiemem
852 820 947 912 panis
968 839 999 889 a.
1015 816 1068 888 tu.
1088 816 1155 890 Ubi
1171 816 1306 888 vineam
1326 816 1425 889 fode·

462 930 682 1025 re¹coeperint
693 983 706 1017 ,
726 928 821 1023 panis
843 950 874 1000 u.
893 954 927 1001 v.
945 925 1046 1023 usque
1064 925 1148 998 adeo
1170 926 1249 999 dum
1262 926 1346 1001 ficus
1360 928 1427 1000 else

462 1036 661 1132 coeperint,
684 1035 806 1107 dein'de
826 1033 869 1106 ad
885 1057 916 1106 Ρ.
932 1054 985 1103 ιν.
1005 1032 1125 1107 redito.

510 1147 611 1217 LVII.
631 1146 757 1217 Vinum
779 1141 925 1214 familiae.
949 1141 1019 1214 Ubi
1039 1140 1210 1214 vindemia
1228 1141 1313 1214 falla
1333 1143 1425 1230 erit,

461 1255 570 1328 loram
596 1254 714 1327 bibant
736 1252 862 1325 menses
876 1244 1070 1335 utinense
1083 1239 1206 1348 quarto
1223 1252 1373 1324 heminas
1387 1253 1425 1324 in

462 1362 598 1450 dies,id
612 1363 678 1450 est,
699 1363 734 1435 in
748 1361 859 1435 mense
882 1360 1025 1458 congios
1038 1381 1079 1433 11.
1094 1380 1124 1434 s,
1145 1360 1261 1433 Mense
1278 1362 1426 1457 quint0,

462 1471 557 1546 sexto
573 1528 585 1561 ,
603 1471 768 1568 septimo,
783 1473 929 1560 ollavo,
947 1471 983 1541 in
1003 1467 1073 1542 dies
1093 1468 1277 1558 sextarios,
1295 1470 1427 1559 idest,
1507 1556 1509 1560 Ι

461 1581 499 1655 in
521 1581 633 1653 mense
654 1579 798 1676 congios
820 1582 983 1677 quinque.
1003 1603 1124 1669 nono,
1142 1580 1301 1669 decimo,
1318 1579 1425 1651 unde·¹

461 1687 579 1779 cimo,
601 1689 636 1760 in
665 1689 735 1760 dies
760 1689 910 1760 heminas
935 1707 1071 1762 ternas:
1095 1688 1194 1761 idest
1213 1690 1426 1788 amphoram.

461 1798 541 1870 Hoc
560 1798 705 1893 amplius
727 1797 957 1873 Saturnalibus
972 1798 1280 1895 &Compitalibus
1299 1800 1334 1871 in
1358 1799 1423 1872 Iin-

364 1989 367 1995 ,
425 1971 433 1984 ,
461 1909 561 2005 gulos
582 1909 737 1983 homines
766 1908 923 2015 congios.
947 1910 1083 1981 Summa
1107 1909 1181 1983 uini
1207 1910 1243 1982 in
1270 1910 1427 1983 homines
1493 1954 1496 1961 =

460 2018 610 2115 singulos
624 2020 711 2092 inter
724 2046 849 2093 annum
865 2046 875 2092 ε
890 2045 967 2093 cum
982 2018 1186 2115 compeditis
1196 2020 1246 2093 uti
1260 2019 1424 2118 quidquid

462 2130 578 2226 operis
591 2129 716 2203 facient
730 2155 794 2227 pro
817 2132 980 2226 ponione
993 2130 1108 2204 addito
1122 2157 1131 2203 ε
1147 2144 1207 2205 eos
1222 2155 1292 2202 non
1308 2131 1354 2202 est
1368 2133 1425 2203 ni·

460 2243 568 2314 mium
580 2243 615 2314 in
624 2268 733 2316 annos
741 2243 890 2340 singulos
904 2242 977 2315 viui
991 2243 1220 2341 quadrantalia
1231 2264 1270 2319 x.
1279 2242 1425 2341 ebibere.

521 2353 638 2422 LVIII.
671 2350 934 2444 Pulmentarium
974 2349 1133 2437 familiae,
1163 2350 1270 2449 oleae,
1287 2352 1425 2424 caducae

460 2483 562 2555 quam
583 2458 765 2553 plurimum
780 2458 935 2533 condito.
948 2458 1066 2531 Postea
1081 2458 1171 2530 oleas
1185 2460 1425 2554 tempestivas,

462 2568 551 2639 unde
570 2567 747 2639 minimum
761 2567 830 2640 olei
845 2565 919 2640 fieri
940 2566 1083 2663 poterit,
1098 2591 1154 2640 eas
1171 2567 1334 2655 condito,
1349 2594 1427 2665 pat·

461 2674 555 2761 cito,
569 2675 619 2747 uti
643 2700 743 2771 quam
766 2677 942 2749 diutiffime
963 2677 1095 2749 durent.
1113 2675 1182 2749 Ubi
1204 2676 1290 2748 oleae
1308 2678 1450 2749 come?¹

460 2784 504 2856 sae
525 2803 642 2876 erunt,
657 2774 806 2861 halecem
825 2790 863 2862 δι
875 2806 1009 2860 acetum
1033 2777 1125 2860 dato.
1149 2787 1274 2859 Oleum
1290 2788 1369 2859 dato
1388 2788 1426 2861 in

459 2896 589 2970 menses
609 2897 794 2996 unicuique
816 2898 995 2972 sextarium
1020 2917 1045 2972 1.
1070 2896 1153 2971 Salis
1177 2895 1362 2994 unicuique
1387 2898 1426 2975 iu

461 3029 555 3078 anno
580 3007 731 3080 modium
756 3008 829 3081 satis
853 3008 925 3081 est„
1004 3000 1006 3005 ¹

478 3133 482 3140 ·
511 3115 597 3185 LIX.
615 3117 820 3189 Vestimenta
843 3116 980 3189 familiae
999 3115 1145 3195 tunicam
1166 3138 1197 3190 Ρ.
1221 3137 1276 3190 111.
1295 3137 1323 3189 s.
1351 3116 1426 3214 saga

460 3222 599 3296 alternis
620 3228 727 3301 annis.
751 3228 900 3321 Quoties
920 3229 1044 3324 cuique
1062 3226 1216 3301 tunicam
1232 3246 1290 3298 aut
1313 3227 1427 3324 sagum
1477 3285 1479 3289 -

461 3329 573 3420 dabis,
587 3333 677 3428 prius
690 3353 838 3410 ueterem
852 3333 1022 3432 accipito,
1042 3334 1131 3408 unde
1147 3350 1311 3407 centones
1331 3335 1426 3412 fiant.

460 3439 666 3535 Sculponeas
685 3445 793 3518 bonos
816 3443 1062 3517 alternisannis
1085 3445 1163 3517 dare
1188 3464 1339 3541 oportet.

493 3551 582 3622 IX.
603 3553 715 3626 Bubus
737 3553 863 3627 cibaria
884 3581 995 3628 annua
1015 3553 1051 3627 in
1071 3554 1148 3652 juga
1166 3553 1291 3651 srugula
1314 3550 1426 3647 lupini

460 3656 598 3730 modios
613 3678 705 3729 cxx.
721 3680 776 3730 aut
797 3661 927 3757 glandis
939 3662 1075 3755 modios
1102 3682 1216 3735 ccxc.
1231 3661 1319 3734 foeni
1335 3686 1426 3756 pon·

427 3837 431 3856 ,
461 3767 508 3838 (10
524 3787 678 3856 ,υΧΧο
691 3765 796 3838 ocini.
816 3766 903 3839 fabae
921 3769 1055 3858 modios
1077 3792 1145 3844 xx.
1160 3770 1262 3853 uiciae
1288 3769 1427 3842 modios

464 3896 561 3948 xxx.
583 3876 745 3947 Praeterea
757 3874 912 3970 granatui
927 3875 1044 3969 videto
1058 3879 1107 3951 uri
1124 3878 1204 3970 latis
1216 3877 1316 3949 viciae
1329 3876 1426 3948 seras.

464 3985 627 4061 Pabulum
648 3974 725 4062 cum
740 3982 843 4076 seres,
855 3983 978 4059 multas
994 3985 1141 4063 sationes
1162 3983 1280 4060 facito.
