3509 5084
511 548 619 673 pr„
645 556 715 633 ur
740 553 1001 629 uusrrcr
1026 558 1123 673 rm.
1149 560 1190 630 m
1289 561 1354 634 161

387 728 469 802 dum
482 722 610 815 statim,
624 721 688 794 effe
702 745 721 792 e
735 718 1008 808 valetudinario,
1021 720 1102 794 alias
1116 747 1134 795 e
1149 722 1230 795 sano
1250 710 1359 822 pecoa¹

388 862 448 926 re,
463 834 543 908 alias
557 856 576 905 e
589 846 722 902 neutr0.
740 826 865 898 Alterae
880 848 989 923 partes
1004 824 1152 924 qua'tuor
1171 831 1265 923 sunt,
1279 852 1358 913 cum

386 944 456 1044 jam
470 939 608 1027 emeris,
626 934 872 1022 observandae,
888 937 930 1006 de
950 935 1122 1032 pastione3
1138 939 1180 1012 de
1206 942 1361 1039 soerura,

390 1056 433 1126 de
447 1044 632 1132 nutricatu,
646 1045 687 1117 de
701 1043 850 1115 sanitate.
869 1044 1028 1117 Pascendi
1043 1047 1172 1142 primus
1186 1051 1286 1129 locus
1298 1060 1362 1156 qui

390 1163 461 1253 est,
483 1158 555 1255 ejus
585 1154 674 1228 ratio
699 1154 834 1251 triplex.
867 1157 912 1225 In*
931 1180 1000 1252 qua
1029 1157 1168 1255 regione
1191 1189 1362 1266 quamque

390 1271 600 1370 poriffimum
623 1263 759 1361 pascas,
771 1267 808 1337 &
820 1264 1036 1360 quaud0‚&
1055 1268 1172 1362 queis?
1191 1291 1227 1343 ur
1244 1299 1363 1372 capras
1464 1270 1468 1278 ’

390 1384 430 1457 in
443 1377 611 1453 montosis
624 1375 738 1472 potius
756 1375 843 1446 locis
858 1379 896 1449 &
914 1374 1091 1449 fruticibus
1102 1382 1274 1478 ,·quamin
1287 1388 1364 1460 her·

392 1492 481 1568 bidis
496 1487 643 1584 campis;
657 1510 759 1582 equas
774 1506 904 1585 contra.
915 1512 1026 1584 neque
1040 1489 1155 1563 eadem
1170 1492 1266 1584 loca,
1279 1499 1366 1572 aesti-

395 1605 494 1680 va&
514 1600 677 1686 hiberna,
690 1597 814 1669 idonea
828 1597 988 1668 omnibus
1008 1599 1050 1668 ad
1071 1599 1281 1694 pascendum.
1295 1610 1366 1682 Ita·

395 1742 464 1814 que
487 1696 603 1813 g¹reges
627 1709 748 1782 ovium
779 1708 881 1807 longe
906 1710 1088 1806 abiguntur
1115 1738 1156 1784 ex
1176 1717 1300 1812 Apulia
1327 1721 1368 1795 in
1401 1796 1405 1807 ,

395 1825 569 1899 Samnium
582 1818 790 1906 aestivarum,
801 1835 900 1913 atque
914 1819 956 1889 ad
969 1819 1186 1913 publicanum
1200 1827 1368 1921 profiten-¹

396 1944 476 2028 fug,
495 1956 564 2018 ne,
583 1927 608 1999 (ι
628 1924 828 2017 inscriptum
844 1950 945 2019 pecus
964 1929 1142 2020 paverint,
1158 1931 1231 2030 lege
1249 1939 1368 2012 censo.

396 2047 447 2122 ria
467 2040 693 2117 committant.
708 2034 795 2106 Muli
811 2035 952 2107 eRosea
974 2040 1148 2133 campestri
1161 2044 1271 2119 aestate
1291 2050 1369 2122 exi·

398 2173 525 2258 guntur
544 2150 581 2221 iu
604 2149 779 2242 Gurgures
793 2136 881 2216 alios
902 2164 1047 2221 montes.
1067 2148 1138 2241 Qui
1155 2155 1368 2246 potiffimum

398 2289 543 2369 quaeque
562 2259 729 2358 pecudum
745 2257 921 2363 pascatur,
941 2259 1095 2333 habenda
1107 2265 1209 2339 ratio.
1225 2273 1289 2343 ne'c
1310 2271 1371 2344 so·

400 2383 494 2467 lum,
508 2374 603 2473 quod
618 2364 771 2458 foenmfit
787 2367 894 2440 satura
906 2393 1012 2466 equa,
1028 2372 1186 2461 ambos,
1201 2383 1278 2449 cu'm
1295 2379 1370 2454 sues

400 2495 474 2566 hoc
491 2484 669 2595 vitentss'c
689 2499 840 2578 quarunt
857 2481 1010 2576 glandem
1025 2509 1034 2555 ε
1049 2481 1105 2553 sed
1119 2485 1213 2580 quod
1225 2489 1372 2589 ordeum

402 2603 442 2674 &
466 2597 540 2668 saba
562 2590 731 2665 interdum
760 2588 799 2686 srt
820 2588 1017 2686 quibusdam
1046 2591 1305 2688 objiciendum,
1332 2603 1372 2676 δι
1454 2665 1456 2670 ,
1487 2643 1489 2646 -

403 2710 553 2784 dandum
573 2702 689 2776 bubus¹
712 2698 892 2796 lupinum,
917 2701 955 2772 &
980 2699 1124 2773 luciariis
1153 2705 1311 2799 Medica,¹
1333 2715 1373 2789 δι

404 2816 563 2918 cytisum.
594 2828 753 2908 praeterea
783 2809 879 2905 quod
906 2828 983 2880 ante
1014 2810 1224 2883 admissuram
1253 2815 1373 2894 diebus

405 2947 492 3002 xxx
509 2921 667 2995 arietibus
681 2942 720 2989 ac
734 2913 837 2986 tauris
851 2913 949 2983 datur
963 2912 1038 3005 plus
1055 2913 1143 3002 cibi,
1154 2935 1194 2986 ur
1208 2919 1299 2992 vires
1312 2927 1379 2998 ha..

404 3041 529 3111 beant:
559 3026 693 3099 feminis
713 3021 823 3097 bubus
842 3018 1005 3107 demitur,
1030 3021 1124 3114 quod
1150 3027 1379 3111 macescenres

407 3145 530 3221 melius
549 3133 731 3229 concipere
744 3129 914 3200 dicuntur.
927 3129 1080 3200 Secunda
1095 3156 1171 3225 pars
1193 3135 1240 3208 est
1253 3139 1295 3212 de
1307 3141 1376 3219 foe.

407 3279 493 3333 tura.
506 3254 607 3324 Nunc
620 3243 755 3342 appello
768 3238 927 3313 foeruram
940 3265 959 3310 a
976 3260 1149 3337 conceptu
1162 3246 1204 3316 ad
1225 3232 1376 3341 paitum:

408 3367 446 3443 hi
467 3363 556 3436 enim
572 3351 810 3454 praegnationis
824 3350 922 3446 primi
945 3352 983 3424 &
1005 3352 1148 3422 extremi
1163 3354 1257 3433 fines.
1272 3338 1376 3457 qua're

409 3473 558 3574 primum
575 3462 761 3538 videndum
774 3461 816 3531 de
827 3456 1041 3544 admiffione,
1053 3478 1124 3553 quo
1138 3484 1279 3558 queque
1293 3488 1378 3545 tem.

411 3604 522 3682 pore,
543 3594 582 3648 ut
602 3572 739 3659 ineant,
760 3567 871 3641 facere
900 3584 1070 3661 oporteat.
1096 3595 1196 3662 nam,
1220 3594 1256 3646 ur
1278 3577 1378 3656 suillo
1467 3603 1473 3617 ·

412 3688 532 3791 pecori
552 3712 570 3757 a
592 3680 738 3755 favonio
756 3679 803 3750 ad
821 3676 1061 3773 aequinoffium
1087 3705 1233 3755 vernum
1257 3708 1380 3781 purant

413 3824 553 3896 aptum,
572 3796 617 3867 src
630 3787 804 3894 ovilloab
817 3785 938 3859 areluri
951 3787 1092 3879 occasu,
1105 3789 1208 3888 usque
1222 3796 1263 3865 ad
1277 3800 1378 3895 aqui.
1493 3822 1503 3835 =

416 3910 459 3982 lae
473 3905 642 3981 occasum.
663 3902 826 3974 Praeterea
839 3899 991 3982 habenda
1010 3899 1122 3989 ratio,
1140 3894 1269 3997 quanto
1286 3902 1391 3983 unre-¹
1414 3981 1417 3987 ,

415 4043 516 4118 quam
540 4013 680 4111 incipiat
697 4008 874 4106 admissura
896 4006 991 4102 fieri,
1011 4033 1155 4083 maresa
1177 4010 1312 4123 seminis
1332 4018 1382 4105 seg

406 4132 408 4137 ’
488 4130 616 4224 Scriptc.
630 4129 674 4202 R.
689 4124 732 4200 R.
751 4128 826 4198 Vol.
839 4124 869 4198 Ι.
1187 4122 1215 4194 L
