3509 5084
332 634 337 647 .
476 580 550 652 oe
575 578 926 702 sesostres
952 581 1047 652 tra
1074 585 1123 655 1.·
1225 607 1271 680 9,

310 742 415 841 ginta.
434 742 480 813 Hi
495 742 592 829 sunt,
608 766 696 838 quos
709 759 745 815 tu
761 743 886 817 habere
908 743 943 816 in
961 739 1105 818 consilio
1124 747 1278 841 poteris:

309 880 388 928 cum
403 853 483 950 quid
499 853 672 926 consulere
690 854 802 939 voles,
817 855 947 927 Hieron
959 854 1112 942 Siculus,
1127 858 1164 928 ὃ(
1176 859 1279 932 Atta-1

308 962 363 1035 lus
382 964 616 1034 Philometor:
633 962 912 1062 dephilosophis
924 1016 935 1050 ,
946 963 1167 1036 Democritus
1181 965 1279 1061 phys
1414 1024 1430 1051 f

309 1071 417 1159 ficus,
435 1073 634 1165 Xenophon
660 1072 870 1159 Socraticus,
886 1071 1084 1144 Aristoteles
1102 1073 1140 1145 δι
1158 1073 1280 1144 Τὴεοᾱ.

309 1180 463 1277 phraslus
483 1178 715 1276 peripatetici,
729 1178 900 1276 Archytas
922 1179 1174 1279 Pythagoreus,
1196 1178 1279 1252 itenr

287 1287 558 1377 ,Amphilochus
601 1285 841 1375 Atheniensis,
876 1287 1074 1385 Anaxipolis
1110 1288 1277 1376 Thasos,
1311 1304 1317 1313 ·

310 1394 547 1505 Apollodotus
560 1394 739 1483 Lemnius,
754 1393 996 1490 Aristophanes
1010 1394 1186 1482 Mallotes,
1204 1398 1278 1467 An·

310 1500 449 1597 tigonus
479 1506 663 1601 Cymaeus‚
682 1502 884 1598 Agathocles
910 1502 1043 1592 Chius,
1067 1502 1277 1597 Apollonius

304 1611 549 1707 Pergamenus,
562 1613 772 1686 Aristandtus
785 1611 1017 1697 Athenienfis‚
1032 1611 1199 1690 Bacchius
1210 1611 1279 1684 Μἰὸ4

310 1719 429 1808 lesrus,
444 1722 529 1794 Bion
544 1723 685 1809 Soleus,
700 1724 910 1796 Chaeresleus
931 1726 969 1796 δι
987 1722 1143 1794 Chaereas
1166 1725 1277 1795 Athe·

310 1830 457 1918 nienses,
471 1831 651 1904 Diodonts
665 1832 882 1918 Priennaeus,
901 1831 1001 1901 Dion
1017 1828 1279 1924 Colophonius,

310 1941 512 2038 Diophanes
538 1943 712 2034 Nicensrs,
737 1942 902 2040 Epigenes
927 1942 1085 2012 Rhodius
1098 1996 1118 2038 ,Ι
1133 1945 1279 2042 Evagon
1404 1978 1434 2043 ἱ·

310 2050 476 2141 Thafius,
494 2053 797 2148 Euphranii'duo,
815 2073 906 2123 unns
932 2050 1167 2140 Atheniensis,
1191 2038 1278 2124 alfer

310 2160 585 2256 Amphipolites,
603 2160 756 2257 Hegesias
769 2159 958 2232 Maronites
971 2213 981 2248 ,
994 2153 1172 2231 Menandri
1185 2160 1280 2248 duo,

311 2293 397 2342 unus
419 2271 634 2362 Priennaeus,
655 2273 739 2345 alter
758 2272 1001 2360 Heracleotes,
1026 2270 1177 2344 Nicesnts
1199 2275 1279 2342 Ma·'

310 2379 463 2470 ronites,
482 2381 636 2482 Pythion
661 2383 829 2456 Rhodius.
856 2384 913 2456 De
935 2379 1100 2481 reliq'uis,
1127 2407 1279 2481 qnorum

312 2510 389 2584 quae
420 2489 520 2563 suerit
547 2493 653 2587 patria
684 2517 755 2564 non
788 2495 926 2591 accepi,
954 2493 1030 2565 sunt
1054 2490 1280 2580 Androtion,
1312 2548 1315 2554 .

312 2597 491 2672 AEschrion
503 2653 514 2690 ,
528 2601 774 2693 Aristomenes,
784 2603 1018 2699 Athenagoras
1031 2655 1042 2690 ,
1055 2603 1193 2691 Crates,
1205 2600 1279 2672 Da·

312 2708 383 2798 dis,
398 2707 610 2808 Dionyfius,
635 2713 834 2812 Euphiton,
849 2712 1078 2808 Euphorion,
1098 2710 1249 2784 Eubolus
1265 2760 1280 2798 ‚

312 2816 550 2915 Lysimachus,
565 2822 735 2912 Mnaseas,
753 2822 971 2921 Menestratus
984 2874 994 2906 ,
1008 2819 1280 2913 Pleuthiphanes,

311 2929 436 3018 Persis,
450 2930 673 3026 Theophilus.
689 2932 736 3017 li,
750 2955 838 3026 quos
849 2931 922 3002 dixi
930 2949 1073 3016 ,omnes
1085 2927 1191 2998 soluta
1203 2948 1281 2998 orae

310 3037 408 3110 tione
431 3037 642 3130 scripserunt.
667 3035 802 3108 Easdem
827 3061 879 3108 res
902 3037 1003 3109 etiam
1019 3034 1156 3134 quidam
1174 3032 1284 3111 verli·¹

311 3143 398 3232 bus,
417 3146 645 3221 ut'Hefiodus
672 3147 848 3235 Ascraeus,
872 3147 1082 3218 Menecrates
1106 3141 1282 3239 Ephesius.

312 3255 388 3326 Hos
410 3255 588 3328 nobilitate
603 3260 705 3357 Mago
724 3255 1009 3354 Carthaginiensrs
1024 3252 1186 3351 praeteriit
1199 3254 1281 3325 Ροε-

313 3361 393 3434 nica
414 3361 555 3458 lingua,
579 3368 675 3462 quod
699 3384 751 3439 res
773 3359 1213 3461 dispersas'comprehendit
1235 3359 1282 3429 li·
1350 3408 1352 3415 -

313 3467 384 3542 bris
402 3488 534 3572 xxvup
546 3523 557 3556 ,
570 3495 658 3566 quos
670 3473 800 3546 Caslius
814 3471 1005 3569 Dionysius
1023 3468 1189 3542 Uticensis
1202 3493 1281 3539 ver·
1330 3555 1336 3571 ι

315 3577 356 3650 tit
374 3577 466 3650 libris
487 3597 542 3648 xx
555 3624 567 3661 ,
580 3603 618 3650 ac
637 3583 760 3652 Graeca
775 3579 886 3678 lingua
900 3577 1040 3648 Sextilio
1061 3577 1200 3673 praetori
1213 3575 1280 3646 mi·

312 3685 376 3760 fit:
396 3687 432 3759 in
449 3712 523 3782 quae
540 3689 716 3762 volumina
736 3689 777 3761 de
791 3686 920 3761 Graecis
933 3684 1026 3759 libris
1039 3711 1178 3775 eorum,
1192 3706 1281 3782 quos

318 3798 407 3887 dixi,
421 3799 543 3894 adjecit
560 3824 632 3871 non
650 3797 778 3896 patt'ca,
795 3801 832 3872 δι
853 3799 895 3871 de
910 3798 1067 3895 Magonis
1089 3798 1204 3870 demsrt
1225 3795 1281 3867 in-

317 3905 381 3978 star
396 3906 561 3981 librorum
578 3928 662 3981 vnt.
686 3907 798 3981 Hosce
809 3906 900 4005 ipsos
918 3906 1045 3978 utiliter
1057 3906 1098 3978 ad
1110 3922 1153 3972 vt
1172 3901 1281 3976 libros

318 4017 445 4116 redegit
462 4019 663 4119 Diophanes
682 4017 719 4091 in
743 4017 921 4120 Bithynia,
934 4019 983 4094 δι’
995 4013 1082 4090 misit
1105 4008 1278 4107 Deiotaro
