3509 5084
470 546 536 621 118
608 547 658 619 M.
684 542 957 617 TERENTII
983 541 1275 613 VARRONIS

469 706 590 785 boves.
613 720 763 792 mutum,
783 702 818 773 in
840 726 912 798 quo
933 698 1008 772 sunt
1028 688 1181 796 plaustra.
1201 703 1332 772 Omnes
1350 702 1427 798 agri

469 814 630 887 coluntur
643 811 836 884 hominibus
853 811 956 883 servis
970 831 1025 884 aut
1045 811 1245 901 liberit,2dt
1263 813 1429 910 utrisque.

469 920 617 1007 Liberis,
633 937 689 991 aut
704 944 780 991 cum
794 917 986 1013 ipsrcolunt
996 972 1007 1008 ,
1017 938 1054 991 ut
1066 918 1216 1018 plerique
1228 921 1433 1017 pauperculi

470 1035 549 1107 cum
567 1029 623 1101 sua
640 1028 799 1125 progenie
813 1053 823 1099 ε
837 1046 894 1101 aut
907 1031 1139 1120 mercenariis,
1155 1056 1229 1103 cum
1245 1032 1435 1106 condudi4

469 1137 530 1210 ciis
544 1137 728 1212 liberorum
742 1139 855 1234 operis
869 1164 920 1211 res
935 1137 1096 1249 maiores,
1113 1158 1150 1212 ut
1163 1139 1370 1231 vindemias,
1386 1167 1434 1225 ac

471 1250 635 1325 foenisrcia
646 1250 876 1323 administrant
888 1278 897 1322 ι
909 1250 1019 1349 iique,
1038 1275 1126 1350 quos
1140 1252 1307 1325 obaeratos
1320 1252 1434 1328 nostri

421 1440 423 1447 ,
471 1360 689 1448 vocitarunt,
705 1364 741 1433 &
754 1360 852 1432 etiam
867 1386 958 1433 nunc
972 1360 1047 1431 sunt
1061 1359 1095 1430 in
1112 1360 1186 1431 Asta
1201 1380 1300 1457 atque
1318 1362 1435 1458 AEgy·

387 1467 394 1503 ’·
472 1486 557 1563 pto,
574 1473 612 1541 &
630 1471 665 1542 in
681 1470 824 1569 Illyrico
840 1471 1039 1568 complures.
1055 1472 1111 1542 De
1128 1470 1250 1566 quibus
1265 1467 1436 1550 universis

473 1577 543 1649 hoc
565 1577 644 1650 dico
657 1604 666 1650 τ
681 1578 810 1650 Gravia
831 1579 908 1653 loca
924 1579 1036 1651 utilius
1055 1580 1119 1651 effe
1138 1576 1351 1652 mercenariis
1369 1601 1438 1648 co·
1462 1632 1465 1643 .

473 1683 562 1774 lere,
583 1710 682 1781 quam
709 1685 831 1776 servis,
851 1691 890 1762 δι
914 1687 949 1760 in
975 1688 1161 1760 salubribus
1185 1711 1323 1784 quoque
1345 1685 1438 1759 locis

474 1818 578 1888 opera
592 1794 709 1868 rustica
722 1794 871 1890 majora,
886 1815 924 1869 ut
935 1796 1010 1868 sunt
1022 1796 1057 1868 in
1073 1797 1258 1870 condendis
1271 1794 1437 1866 frudibus
1506 1790 1511 1807 ”

475 1903 679 1994 vindemiae,
693 1923 751 1977 aut
766 1906 884 1978 meffis.
899 1907 955 1980 De
969 1907 1038 1995 his,
1050 1905 1237 1999 cujusmodi
1251 1907 1315 1978 effe
1326 1929 1439 2000 opor·

476 2014 703 2098 maneamus
721 2014 833 2088 scribit
850 2015 942 2088 haec:
960 2016 1147 2113 Operatios
1167 2015 1334 2115 parandos
1349 2015 1438 2105 effe,

477 2122 538 2218 qui
561 2122 711 2196 laborem
740 2124 838 2196 ferre.
855 2125 999 2220 poffint,
1024 2151 1066 2198 ne
1093 2125 1241 2198 minores
1267 2150 1438 2198 annorum

379 2235 384 2245 ’
476 2234 643 2318 xx11‚&
665 2236 708 2307 ad
728 2235 966 2332 agriculturam
991 2236 1131 2310 dociles.
1153 2240 1236 2309 Eam
1258 2234 1440 2330 conjcdiui

476 2368 548 2416 ram
561 2341 634 2416 fieri
649 2343 743 2441 posse
758 2369 801 2417 ex
812 2344 953 2417 aliarum
966 2348 1076 2418 rerum
1088 2343 1275 2442 imperatis,
1288 2345 1328 2417 δι
1340 2367 1439 2416 more

476 2451 668 2526 incolatum
691 2479 709 2525 e
727 2445 869 2525 novitiis
891 2451 1073 2552 requisito,
1087 2452 1136 2537 ad,
1148 2454 1298 2548 priorem
1321 2452 1440 2524 domi-

478 2588 560 2634 num
577 2563 658 2658 quid
678 2562 873 2638 factitarent.
887 2563 1059 2661 Mancipia
1074 2562 1137 2636 effe
1152 2584 1313 2658 oportere
1325 2587 1441 2659 neque

410 2704 413 2708 ·
479 2669 717 2758 formidolosa,
731 2696 839 2768 neque
853 2671 1011 2743 animosa.
1024 2669 1096 2763 Qui
1107 2671 1240 2766 praefint
1253 2669 1317 2742 effe
1329 2687 1443 2763 opor-j

480 2798 575 2868 tere,
597 2780 656 2877 qui
690 2779 813 2868 litem,
836 2780 949 2876 aliqua
975 2779 1038 2851 fint
1060 2778 1264 2849 humanitate
1290 2777 1446 2865 imbuti,

480 2890 589 2988 frugi,
611 2909 708 2962 aetate
732 2886 881 2984 majore,
900 2915 1003 2988 quam
1028 2885 1223 2984 operarios,
1245 2910 1333 2984 quos
1356 2886 1447 2962 dixi.'

481 3001 624 3074 Facilius
638 3001 727 3074 enim
742 3000 813 3089 his,
826 3025 927 3098 quam
941 2996 1130 3071 minoribus
1144 3016 1226 3070 'natu
1235 2994 1335 3087 ,sunt
1347 2995 1445 3069 diuo

482 3112 667 3184 audientes.
692 3114 853 3184 Praeterea
871 3109 1077 3207 potiffimum
1096 3133 1156 3182 eos
1177 3106 1311 3205 praeeffe
1329 3125 1445 3202 opor-2

480 3238 552 3310 tet,
574 3218 632 3316 qui
659 3214 762 3315 periti
778 3221 841 3294 smt
865 3244 975 3292 rerum
997 3217 1206 3290 rusticarum.
1235 3223 1308 3288 non
1331 3215 1444 3289 solum

483 3330 574 3404 enim
591 3327 713 3401 debere
724 3329 911 3424 imperate,
925 3325 981 3398 sed
999 3326 1100 3398 etiam
1113 3324 1223 3399 facere
1234 3378 1246 3416 ,
1258 3344 1295 3397 ut
1313 3323 1461 3398 facien-
1508 3348 1520 3411 '.

482 3458 552 3511 tem
567 3437 758 3530 imitentur,
770 3442 809 3514 δι
822 3456 859 3511 ut
875 3436 1146 3511 animadvertant
1159 3458 1236 3505 eum
1253 3437 1330 3507 cum
1347 3430 1446 3506 causa
1485 3476 1505 3519 ,-

483 3549 545 3622 iibi
572 3549 726 3643 praesse,
746 3548 844 3644 quod
866 3544 1003 3643 scie‘ntia
1020 3543 1151 3642 praestet
1173 3546 1211 3617 δι
1230 3543 1302 3631 usu.
1316 3592 1319 3601 ι
1331 3566 1444 3640 neque

396 3660 399 3665 ’
484 3659 537 3733 illi
559 3660 834 3747 concedendum,
848 3658 895 3731 ita
916 3658 1098 3754 imperare,
1115 3674 1153 3728 ut
1169 3651 1366 3731 ,verberibus
1380 3672 1447 3726 co-'

486 3771 620 3843 herceat
635 3771 750 3864 potius·
770 3786 871 3864 quam
891 3766 1058 3848 verbinfi
1077 3767 1183 3841 modo
1200 3765 1447 3838 idem'efficere

488 3881 599 3978 poffis
612 3882 731 3977 Neque
744 3876 889 3970 ejusdem
906 3874 1054 3949 nationis
1068 3878 1178 3974 plure's'
1190 3874 1357 3971 parandos
1369 3873 1450 3950 esse:

486 4013 532 4067 ex
544 4016 588 4068 eo
602 3991 693 4070 enim
712 3975 922 4092 'potiffimum
942 3984 1050 4067 solere
1065 3983 1449 4065 offendens-donetis
