3509 5084
395 618 529 677 xxvm
597 593 673 666 Ju
695 549 1202 669 uArruoasuau'r

396 761 511 832 curiam
527 778 668 848 compta
687 755 941 840 emendavimus,
961 774 1081 831 utnon
1100 776 1168 841 rum
1192 757 1349 847 alienam}

393 893 487 961 quarn
499 868 634 967 nostrum
648 863 746 968 paſsus
757 892 881 959 operam
890 866 948 964 ribi
960 869 1171 935 commendare
1178 865 1254 951 jure
1265 871 1348 961 optio

391 1002 444 1055 mo
459 977 557 1048 videri
576 1002 736 1070 queamus.
756 973 891 1062 Tamufi
904 998 967 1042 non
985 975 1129 1043 omnibus
1144 975 1238 1044 etiam
1257 1005 1349 1047 mon·

380 1086 478 1188 stris,
491 1085 606 1179 quasa
615 1089 653 1157 in
665 1115 704 1159 ao
713 1090 803 1159 nobis
817 1081 994 1183 offirmatus,
1009 1084 1206 1174 conficiendis
1211 1086 1280 1176 solz
1290 1084 1351 1180 effe

385 1219 480 1288 pares
493 1199 700 1288 potueram.
714 1198 797 1268 Hac
817 1191 917 1286 paulo
932 1189 1115 1262 ¹verbosius
1132 1191 1173 1264 de
1194 1192 1349 1286 Pompo·

391 1302 455 1377 nio
474 1305 596 1382 nostro
611 1308 732 1381 referte
750 1319 846 1374 tanto
858 1298 970 1373 minus
989 1299 1237 1388 dubitavimus,
1251 1302 1349 1398 quod

394 1417 612 1514 praefationes
624 1409 812 1514 haomissae
824 1409 899 1482 sunt
912 1409 1139 1504 possea,licet
1151 1417 1349 1516 recudereni

394 1544 451 1599 tur
472 1549 548 1600 curn
573 1518 712 1619 Georgii
738 1517 882 1593 fabricii
903 1518 1051 1618 Virgilio
1072 1523 1267 1619 Servioque·
1287 1523 1350 1618 ipsi

394 1628 643 1706 commentarii.
654 1635 801 1726 Apparet
817 1629 919 1703 etiam
942 1631 1045 1706 credo
1067 1656 1108 1703 ex
1129 1632 1194 1720 his,
1212 1657 1286 1728 quae
1307 1632 1352 1704 de

392 1737 590 1835 virgilianis
613 1732 958 1814 commentationib&
979 1743 1049 1815 asle
1071 1741 1166 1827 sunt,
1193 1741 1252 1840 qui
1276 1738 1349 1814 sieri

392 1849 513 1946 poffir,
531 1867 571 1922 ut
585 1874 711 1922 nomen
731 1848 792 1922 suo
807 1850 937 1948 alioqui
960 1851 1084 1925 merito
1099 1851 1224 1924 illustre
1240 1851 1349 1949 serant

392 1959 682 2054 explicationes&
693 1959 934 2056 disputationes
946 1961 1032 2058 sape
1048 1949 1253 2048 mediocres,
1264 1986 1351 2049 pue-

391 2057 469 2142 riles
477 2068 618 2164 sepo&
630 2069 728 2165 plane
736 2069 1072 2143 absrrrdae.Nimitum
1084 2070 1233 2165 nonipse
1245 2069 1353 2142 literis

391 2175 467 2248 talia
488 2175 661 2275 mandauit
679 2177 912 2277 Pomponius,
935 2179 990 2251 sed
1016 2181 1154 2274 excepta
1174 2205 1191 2250 a
1219 2178 1351 2250 rudissr·¹
1386 2222 1389 2229 ,

392 2283 456 2359 mis
473 2283 639 2359 bonarum
657 2307 769 2359 rerum
789 2286 999 2360 auditoribus
1019 2286 1055 2358 in
1074 2287 1195 2382 vulgus
1215 2287 1352 2359 tandem

382 2397 483 2471 ,edita
499 2397 581 2471 sunt.
598 2399 712 2492 ltaque
730 2395 896 2498 suspicor,
911 2396 1166 2492 Pomponianos
1182 2398 1216 2468 in
1235 2396 1351 2494 Virgi-

392 2501 475 2574 lium
502 2501 785 2590 commentarios,
808 2502 924 2600 quales
948 2502 1060 2597 primo
1083 2506 1124 2574 ad
1154 2503 1351 2598 Oporinum

392 2631 600 2705 peruenere,
620 2634 693 2681 non
715 2610 825 2683 multo
845 2611 1003 2685 meliores
1021 2611 1115 2683 fuisse
1140 2611 1222 2698 illo,
1248 2637 1351 2708 quem

391 2720 480 2816 apud
495 2718 551 2794 cl.
563 2718 752 2792 Schulaium
774 2721 837 2795 esse
855 2721 1020 2807 diximus,
1037 2721 1165 2796 libello.
1188 2722 1276 2796 Hinc
1292 2744 1352 2820 panv

391 2846 461 2920 tet,
481 2828 563 2926 q'uid
581 2831 731 2904 voluerit
752 2831 811 2906 stbi
829 2832 908 2906 Pius
930 2835 970 2906 ad
992 2833 1070 2906 Col.
1087 2850 1151 2921 to,
1175 2856 1255 2931 235.
1270 2833 1350 2907 scri·

391 2941 491 3022 bens:
512 2941 732 3040 Infitlfifflmus
758 2945 904 3038 interpres
929 2946 1052 3038 Pseudo
1071 2974 1106 2989 -·
1133 2949 1327 3037 Pomponius
1334 2974 1351 3031 ,·

392 3076 459 3121 non
477 3053 557 3120 enim
577 3049 676 3147 auszm
696 3056 828 3141 undere,
849 3059 943 3125 talem
963 3078 1095 3125 merrtem
1113 3056 1151 3123 iu
1168 3058 1352 3125 sucurram
1409 3143 1413 3147 „

391 3155 535 3256 incidiffr.
555 3160 593 3229 In
613 3159 700 3259 hanc
717 3159 914 3234 sententiam
946 3164 1046 3235 etiam
1066 3163 1174 3257 accipi
1199 3163 1307 3251 volo,
1326 3161 1352 3234 st

392 3264 476 3361 quid
495 3266 580 3338 mihi
604 3269 788 3358 exciderit,
808 3272 903 3367 quod
920 3273 961 3344 ad
985 3271 1170 3368 Pomponii
1193 3272 1351 3366 injuriam

390 3374 559 3471 pertinere
576 3375 748 3451 videatur:
767 3378 918 3476 itemque
934 3380 1017 3452 illud
1039 3406 1059 3453 a
1078 3406 1132 3453 nte
1149 3381 1272 3453 diuum
1296 3379 1351 3452 in·

391 3483 520 3581 redigi,
534 3487 629 3581 quod
646 3486 750 3581 paulo
767 3505 845 3560 ante
863 3488 905 3560 de
922 3487 994 3580 ejus
1006 3490 1242 3563 emendatione
1254 3515 1351 3561 com-
1397 3520 1400 3526 ·

392 3594 602 3694 memorabat
619 3596 805 3691 Oporinus
821 3598 880 3669 De
899 3597 975 3690 ipso
991 3599 1047 3670 so,
1069 3600 1259 3670 Barnrs‘rn
1279 3597 1351 3700 Pro

393 3701 502 3774 dicere
523 3699 607 3772 nihil
632 3723 720 3795 opus
740 3699 806 3788 est,
832 3700 1010 3795 postquam
1035 3703 1091 3775 Pe.
1116 3705 1368 3792 Burmannus,
1438 3708 1443 3721 ‘

394 3837 494 3906 quem
519 3809 659 3886 honoris
680 3809 796 3898 causa,
817 3809 930 3881 slatori
956 3812 1071 3884 harum
1093 3813 1263 3884 literarum
1289 3813 1351 3883 de·

393 3921 456 3994 biti
470 3921 597 4018 semper
606 3919 741 4017 appello
750 3975 761 4004 ,
771 3919 805 3992 in
819 3920 1002 4006 doslissruta
1012 3923 1055 3995 ad
1067 3919 1237 3993 Valerium
1253 3920 1351 3993 Flac·

395 4057 474 4108 cunr
494 4022 693 4130 prasutione
712 4032 907 4109 obscuritati
923 4058 1052 4111 nomen
1070 4036 1108 4110 δι
1127 4031 1232 4112 vitam
1249 4051 1350 4130 atque
