3509 5084
479 536 585 621 tst‘
634 540 684 619 u
708 538 971 658 retentu
996 534 1285 620 vtnnorns

460 758 465 768 ,
528 698 600 769 Vll.
621 695 807 783 Lucienus.
821 698 897 793 Ego
919 718 1062 794 quoque
1085 693 1270 767 adveniens
1294 686 1453 787 αρετῐεω
1486 684 1488 689 ’

480 828 652 903 carceres,
667 804 803 902 inignit,
816 806 979 900 &equos
1002 803 1155 877 emittere
1181 800 1367 896 incipiam,
1381 823 1453 874 nec

480 913 589 987 solum
611 939 738 999 mares,
751 939 839 1011 quos
858 914 1065 987 admissarius
1086 914 1215 1001 babeo,
1230 929 1269 985 ut
1288 911 1450 998 Atticus,

340 1044 348 1067 ⁸
480 1022 628 1120 singulos
646 1024 682 1096 in
703 1023 843 1097 seminas
864 1025 986 1110 denas,
999 1048 1018 1095 e
1032 1022 1126 1120 queis
1146 1020 1283 1093 seminas
1299 1019 1347 1111 Q.
1363 1022 1448 1091 Mo·

480 1131 556 1206 dius
576 1130 759 1228 Equiculus
782 1131 836 1205 vit
860 1130 1058 1204 fortiffimus
1074 1130 1174 1202 etiam
1195 1147 1288 1224 patre
1309 1123 1448 1196 militari

480 1237 576 1336 iuxta
598 1265 638 1315 ac
656 1265 761 1313 mares
773 1240 898 1314 habere
921 1238 1058 1315 solebat.
1079 1242 1213 1311 Horum
1227 1259 1394 1333 equorum
1408 1235 1448 1308 δι

481 1374 642 1446 equarum
667 1373 780 1445 greges
804 1350 865 1446 qui
889 1350 1012 1422 habere
1037 1348 1236 1436 volueriut,
1256 1363 1295 1416 ut
1320 1344 1448 1415 habent

483 1460 586 1558 aliqui
606 1459 642 1532 in
657 1459 918 1555 Peloponneso,
938 1458 1029 1534 &in
1048 1457 1190 1554 Apulia,
1206 1454 1354 1552 primum
1375 1453 1448 1548 spe·

483 1569 570 1643 &are
582 1586 721 1663 oportet
733 1588 879 1655 etatem,
892 1594 993 1666 quant
1010 1565 1222 1664 precipiunt.
1238 1560 1449 1649 Videndum,

482 1701 528 1751 ne
549 1677 612 1749 fint
634 1677 783 1749 minores
806 1678 935 1768 trimae,
960 1677 1103 1771 majores
1123 1677 1240 1749 decem
1264 1695 1448 1745 annorum.

483 1788 575 1861 AEtas
600 1786 820 1885 cognoscitur
838 1811 1004 1882 equorum
1018 1840 1030 1877 ,
1042 1788 1079 1860 δι
1101 1783 1170 1857 sere
1193 1783 1350 1855 omnium
1364 1837 1376 1869 ‚
1389 1781 1449 1876 qui

483 1892 627 1990 ungulas
653 1894 813 1968 indivisas
836 1896 983 1979 habent,
1008 1897 1047 1969 δι
1070 1894 1170 1966 etiam
1199 1909 1450 1976 cornutarum,

483 2003 580 2100 quod
602 2024 713 2101 equus
729 2003 866 2102 triginta
885 2002 1046 2076 menfium
1069 2003 1216 2098 primum
1234 2004 1353 2074 dentes
1377 2024 1450 2072 me·

484 2115 560 2186 dios
574 2114 698 2187 dicitur
716 2115 869 2202 amittere
881 2169 893 2207 ,
907 2116 977 2188 duo
994 2115 1205 2212 superiores,
1227 2112 1374 2185 totidem
1396 2110 1452 2182 in·

360 2254 364 2261 ·
466 2217 638 2298 ¹seriores.
661 2226 862 2320 incipientes
887 2247 1042 2321 quartum
1064 2249 1162 2324 agere
1179 2249 1307 2296 annum
1330 2221 1450 2294 itidem

485 2330 625 2427 ejiciunt
640 2389 652 2420 ,
666 2337 860 2410 &totidem
876 2336 1053 2432 proximos
1069 2360 1208 2424 eorum,
1222 2356 1313 2430 quos
1329 2331 1451 2404 amise-

485 2462 587 2532 runt,
601 2444 818 2542 &incipiunt
832 2444 922 2519 nasci
933 2498 945 2536 ,
957 2471 1045 2545 quos
1064 2462 1193 2519 vocant
1205 2441 1454 2517 columellares.

486 2553 621 2644 Quinto
640 2579 734 2626 anno
754 2555 934 2651 incipienti
945 2557 1025 2629 item
1039 2556 1161 2627 eodem
1175 2555 1282 2628 modo
1294 2552 1453 2625 amittere

484 2663 610 2752 binos,
633 2689 721 2760 quos
733 2665 875 2738 caninos
896 2665 1038 2738 habent:
1054 2686 1126 2737 tum
1141 2664 1350 2739 renascentes
1377 2662 1455 2750 eis,

458 2792 461 2797 '
486 2772 582 2848 sexto
603 2798 696 2847 anno
714 2775 869 2871 impleri:
890 2774 1033 2869 septimo
1054 2797 1175 2849 omnes
1192 2777 1313 2848 habere
1336 2772 1454 2848 solent

486 2902 622 2957 renatos
637 2887 675 2960 dt
694 2888 897 2981 completos.
919 2886 982 2958 His
996 2883 1141 2981 majores
1155 2886 1215 2983 qui
1234 2885 1329 2969 sunt,
1344 2883 1453 2957 intel·

487 2991 545 3089 ligi
560 3013 683 3092 negant
703 2996 817 3091 posse,
831 3006 1052 3093 preterquam
1071 3021 1148 3069 cum
1166 2995 1282 3069 dentes
1299 2993 1364 3065 fint
1376 2991 1456 3074 faui

487 3102 643 3193 brocchi,
656 3107 693 3179 δι
707 3105 883 3200 supercilia
893 3130 987 3193 cana,
1000 3107 1039 3179 δι
1051 3103 1110 3177 sub
1122 3129 1161 3176 ea
1172 3100 1314 3190 lacunae,
1329 3126 1375 3174 ex
1389 3101 1454 3173 ob·

488 3209 623 3301 servatu
645 3212 764 3287 dicunt
783 3239 862 3287 eum
879 3238 1003 3310 equum
1027 3213 1149 3287 habere
1166 3228 1275 3286 annos
1293 3211 1452 3285 sedecim.

489 3323 610 3394 Forma
624 3320 688 3395 esse
702 3340 841 3419 oportet
856 3321 1086 3420 magnitudine
1098 3322 1256 3411 modica,
1274 3321 1374 3420 quod
1388 3344 1454 3394 nec

457 3526 467 3544 Ι
490 3405 620 3518 vallos,
636 3454 698 3505 nec
717 3432 868 3507 minutos
885 3434 981 3507 decet
1006 3431 1081 3505 esse.
1106 3456 1208 3528 equas
1232 3431 1390 3504 clunibus
1412 3453 1454 3502 ac

490 3538 669 3615 ventribus
683 3541 767 3619 latis.
782 3567 908 3639 equqs,
923 3543 965 3616 ad
978 3541 1188 3617 admissuram
1197 3565 1286 3639 quos
1295 3539 1382 3612 velis
1393 3539 1453 3612 ha-

490 3645 593 3744 bere,
614 3648 723 3746 legere
750 3667 891 3746 oportet
916 3647 1031 3745 amplo
1050 3652 1229 3746 corpore,
1253 3647 1455 3747 formosos,

490 3758 584 3831 nulla
602 3779 694 3857 parte
708 3760 864 3856 corporis
882 3760 970 3834 inter
984 3759 1100 3836 senon
1122 3758 1342 3856 congruenti.
1355 3761 1453 3852 Qua-

471 3880 475 3887 ’
492 3863 533 3937 lis
554 3865 686 3942 futurus
700 3868 740 3943 fit
758 3892 889 3969 equus,
909 3892 928 3940 e
950 3867 1045 3964 pullo
1065 3867 1252 3965 coniedari
1273 3867 1408 3964 potest,
1428 3866 1456 3939 li-

493 3993 596 4070 caput
614 3976 714 4052 habet
730 4000 804 4054 non
823 4000 1001 4078 magnum,
1020 4003 1084 4058 nec
1104 3979 1262 4056 membris
1276 3977 1454 4056 confusis:
