3509 5084
582 517 1241 638 Dnlunnusrtcnttnmu
1328 534 1398 619 2t3'
1502 537 1504 541 ¹

388 698 392 704 ’
428 681 465 756 in
481 681 565 755 urbe
577 681 713 777 quidam
728 678 852 754 habent
870 681 946 755 loca
962 679 1071 753 clausa
1084 730 1095 769 ,
1110 681 1147 754 δι
1162 669 1240 750 τυτε
1253 677 1398 752 maxime

428 791 595 880 condutla
610 790 645 862 in
664 789 816 877 Sabinis,
832 786 988 887 quodibi
1005 787 1145 886 propter
1159 788 1228 884 agri
1245 807 1399 861 naturam

428 899 619 996 frequentes
633 919 794 994 apparent
810 900 910 971 turdi.
933 901 985 969 Ex
1009 898 1061 971 his
1082 898 1179 989 tertii¹
1186 898 1316 994 generis
1331 921 1400 970 vo-

372 1028 377 1045 ⁸
428 1009 493 1081 luit
514 1008 578 1089 elle
591 1009 753 1081 Lucullus
769 1005 987 1101 conjuussum
1003 1006 1164 1079 aviarium
1177 1058 1188 1095 ‚
1200 1007 1293 1101 quod
1317 1005 1400 1079 fecit

429 1118 466 1190 in
484 1119 699 1208 Tusculano,
713 1136 750 1190 ut
774 1119 809 1189 in
826 1119 945 1190 eodem
967 1116 1271 1211 tello-ornithonis
1288 1117 1400 1188 inclu-

430 1229 503 1300 sum
520 1229 704 1307 triclinium
726 1230 881 1314 habetet,
897 1228 953 1300 ubi
975 1228 1117 1300 delicate
1143 1225 1342 1314 coenitatet,
1360 1229 1399 1299 δε

420 1336 517 1412 ‘alios
543 1338 672 1412 videret
697 1337 733 1408 in
762 1362 970 1410 mazonomo
996 1336 1124 1432 positos
1149 1338 1287 1423 coetos,
1312 1335 1401 1407 alios

430 1449 583 1521 volitare
602 1448 730 1522 circum
754 1447 911 1521 fenestras
925 1439 1060 1543 captos.
1082 1447 1188 1541 Quod
1204 1447 1323 1520 inutile
1344 1446 1400 1518 in·
1438 1491 1463 1514 v-

428 1548 611 1632 venetuntss
631 1559 719 1628 Nam
732 1583 811 1628 non
834 1576 963 1632 tantum
979 1557 1015 1630 in
1035 1581 1079 1629 eo
1095 1554 1401 1633 oculos'deleclant

400 1761 403 1769 1
429 1665 517 1739 iutra
535 1666 695 1741 fenestras
717 1693 799 1740 aves
823 1667 1026 1757 volitantes,
1050 1686 1214 1768 quantum
1231 1668 1401 1758 offendit,

433 1772 530 1874 quod
544 1776 670 1848 alienus
683 1773 773 1847 o'dor
791 1777 907 1872 opplet
923 1801 1029 1849 nares.
1121 1812 1124 1821 »
1336 1769 1340 1780 ’
1415 1864 1427 1875 ,Ι
1493 1796 1498 1805 ·

480 1887 523 1957 V.
546 1886 611 1965 sed,
636 1887 733 1981 quod
752 1904 786 1956 te
808 1885 907 1956 malle
931 1888 1098 1974 arbitror,
1114 1887 1199 1968 Axi,
1223 1887 1330 1961 (licam
1358 1886 1401 1960 tle
1438 1906 1509 1993 [ἔρ

430 1994 500 2067 hoc
524 1992 727 2084 ornithone,
743 1999 839 2094 qnod
862 1996 987 2069 fructus
1004 1996 1099 2068 causa
1120 1996 1271 2082 faciunt,
1287 1999 1400 2086 unde,

391 2126 401 2147 ‘
430 2128 504 2176 non
519 2103 598 2195 ubi,
610 2105 786 2178 sumuntur
801 2106 941 2203 pingues
956 2105 1057 2180 turdi.
1076 2106 1180 2204 Igitur
1194 2107 1323 2176 telludo
1338 2103 1401 2202 (ut
1463 2122 1470 2141 ¹

429 2211 629 2310 peristylum
651 2207 781 2285 rectum
798 2215 941 2318 tegulis,
956 2233 1012 2286 aut
1035 2216 1134 2310 tete)
1152 2212 1189 2285 fit
1207 2239 1347 2311 magna,
1363 2212 1400 2283 in

429 2345 499 2417 qua
520 2321 622 2392 millia
641 2323 773 2419 aliquot
798 2325 978 2398 turdorum
997 2349 1036 2398 ac
1057 2325 1260 2396 merularum
1284 2323 1399 2394 inclu-

419 2435 510 2506 vdete
534 2433 669 2530 poffint.
700 2435 848 2529 Quidam
879 2461 956 2508 cum
986 2461 1031 2509 eo
1052 2434 1215 2528 adiiciunt
1240 2454 1402 2531 praeterea

431 2567 514 2615 aves
534 2543 613 2615 alias
631 2570 793 2641 quoque,
811 2570 887 2642 quae
911 2545 1052 2642 pingues
1075 2562 1226 2617 veneunt
1247 2552 1345 2628 care,
1360 2557 1402 2615 ut
1500 2539 1504 2547 ’

431 2649 588 2722 miliatiae
602 2677 641 2724 ac
656 2653 860 2728 coturnices,
873 2659 910 2726 ln
922 2656 993 2755 hoc
1007 2656 1129 2731 tectum
1143 2679 1266 2753 aquam
1283 2649 1402 2724 venite
1509 2744 1511 2750 ¹

431 2784 572 2856 oportet
590 2762 881 2859 per‚fillulam„&
901 2793 973 2839 eam
993 2749 1108 2863 potitis
1123 2792 1182 2862 ρετ
1197 2765 1328 2839 cana-les
1342 2768 1402 2835 an·

398 2913 402 2922 ·
431 2871 539 2968 gustas
556 2871 708 2967 serpere,
722 2898 797 2969 quae
812 2868 909 2946 'facile
931 2875 1098 2969 extergeri
1113 2873 1237 2965 poffint
1247 2871 1294 2957 ;st
1310 2871 1402 2943 enim

431 2980 499 3081 late
517 2979 565 3048 ibi
582 2980 699 3051 diffusa
713 3006 819 3078 aqua,
835 2985 873 3054 &
889 2982 1085 3076 inquinatur
1103 2979 1253 3062 facilius,
1266 2983 1302 3051 δε
1315 2977 1404 3050 bibi-1

412 3125 414 3130 ·
431 3106 489 3158 tut
509 3086 662 3162 inutilius
679 3115 687 3161 :
703 3092 742 3165 δι
758 3116 801 3163 ex
820 3090 868 3165 eis
881 3093 1005 3166 caduca
1021 3089 1123 3272 kquae
1142 3087 1331 3187 abundat,]
1344 3111 1403 3184 per

431 3194 574 3268 fistulam
595 3197 706 3287 exire,
725 3224 768 3271 ne
790 3199 868 3272 luto
886 3225 967 3274 aves
991 3201 1021 3272 la
1048 3206 1160 3273 orent.
1186 3200 1320 3272 Ollium
1345 3202 1404 3273 ha·

432 3311 513 3384 ltere
533 3309 682 3399 humile,
702 3311 742 3383 &
760 3311 958 3414 augustum,
976 3314 1014 3385 &
1030 3312 1236 3408 potiffimum
1258 3311 1329 3406 ejus
1342 3337 1404 3413 ge·

432 3420 544 3509 netis,
568 3421 664 3518 quod
688 3421 864 3496 cochleam
893 3422 1086 3517 appellant,
1111 3439 1149 3490 ut
1169 3419 1255 3491 solet
1278 3413 1341 3491 effe
1365 3420 1403 3493 in

432 3554 561 3622 eavea,
576 3527 693 3627 inqua
709 3530 798 3603 tauri
811 3555 961 3630 pugnate
975 3519 1095 3601 solent.
1110 3529 1277 3601 Fenetlras
1291 3547 1405 3617 ratas,

431 3667 493 3737 per
518 3666 600 3738 quas
627 3665 699 3712 non
724 3642 908 3713 videantur
935 3637 1140 3713 extrinsecus
1164 3639 1323 3723 arbores,
1346 3657 1406 3713 aut

433 3772 533 3836 aves3
549 3752 644 3846 quod
664 3775 777 3824 earum
792 3750 941 3846 aspectus
955 3773 994 3820 ac
1012 3746 1208 3825 desiderium
1224 3747 1405 3821 macresce-

435 3882 472 3930 te
492 3858 573 3932 facit
591 3859 752 3947 volucres
774 3859 928 3933 inclusas.
950 3860 1100 3931 Tantum
1124 3857 1261 3928 luminis
1281 3858 1406 3931 habere

437 3987 602 4067 oportet,
619 3987 657 4044 ut
682 3995 763 4051 aves
788 3970 907 4050 videte
931 3969 1058 4070 poffint
1082 3966 1141 4040 ubi
1162 3966 1324 4060 affidant,
1344 3965 1407 4042 ubi
