3509 5084
307 618 311 625 ·
411 567 485 646 nlo
557 569 606 642 Μ.
630 564 909 640 TERENTll
933 566 1224 640 VARRONIS

319 777 323 783 -
412 751 497 801 meae
512 744 641 820 partes,
654 721 816 822 quoniam
838 722 947 797 boves
967 720 1025 795 ibi.
1042 725 1159 815 Quare
1177 722 1314 812 dicam,
1338 722 1381 798 de

410 834 542 910 bubulo
568 857 712 928 pecore,
735 855 835 928 quam
862 829 1048 926 acceperim
1073 830 1267 904 scientiam:
1291 852 1334 906 ut
1354 836 1379 906 fi

305 990 309 1009 .
409 942 486 1038 quis
504 941 593 1036 .quid
611 940 765 1037 ignorat,
788 937 953 1023 discat3si
977 936 1053 1034 quis
1073 938 1153 1028 scit,
1172 964 1294 1030 nunc,
1317 943 1379 1014 ubi

408 1050 524 1140 labar,
546 1049 713 1124 observet.
736 1047 843 1128 vide,
863 1046 945 1143 quid
964 1073 1060 1145 agas,
1081 1056 1232 1151 inquam,
1253 1054 1376 1129 Vacci.

405 1163 499 1234 alam
514 1161 576 1233 bus
591 1159 627 1231 in
641 1157 816 1254 pecuaria,
834 1159 978 1229 maxima
993 1158 1092 1230 debet
1105 1158 1170 1231 elle
1182 1161 1375 1236 auflorira·

404 1289 465 1342 re:
478 1268 659 1365 prasertim
674 1267 708 1339 in
724 1266 838 1355 ltalia,
852 1291 928 1361 quae
941 1291 960 1338 a
973 1265 1082 1339 bubus
1100 1291 1228 1340 nomen
1242 1271 1373 1345 habere

323 1426 326 1431 <
405 1379 448 1453 fit
466 1379 662 1452 existimata.
684 1373 816 1449 Graecia
838 1375 929 1447 enim
944 1374 1080 1472 antiqua
1096 1374 1159 1473 (ut
1176 1376 1295 1451 scribit
1307 1381 1372 1453 Ti·

405 1485 536 1586 maeus)
549 1508 663 1560 tauros
676 1485 847 1564 ructuant
863 1496 990 1559 karole.
1012 1509 1194 1581 aquorum
1211 1474 1371 1562 nsultitu·

404 1599 508 1683 dine,
521 1601 559 1670 δι
572 1593 840 1692 pulchritudine,
860 1595 898 1665 δι
916 1591 1002 1664 soetu
1019 1593 1223 1684 vitulorum,
1238 1599 1370 1672 Italiam

403 1707 574 1779 dixerunt.
595 1702 664 1777 Alii
684 1701 909 1798 scripserunt,
925 1702 1018 1797 quod
1035 1703 1179 1778 eSicilia
1204 1708 1370 1781 Hercules

398 1815 595 1913 persecutus
623 1812 662 1885 sit
686 1837 729 1885 eo
759 1811 909 1886 nobilem
934 1829 1087 1900 taurum,
1112 1814 1171 1911 qui
1197 1813 1369 1888 diceretur

367 1948 371 1956 ·
398 1927 515 2000 Italus.
546 1924 611 1997 llic
635 1920 745 1994 socius
768 1920 948 1991 hominum
971 1918 1008 1990 in
1029 1919 1154 1992 rustico
1175 1945 1306 2017 opere,
1330 1927 1368 2000 &

398 2028 533 2110 Cereris
553 2031 713 2105 minisler.
734 2031 787 2102 Ab
810 2030 878 2102 hoc
900 2028 1029 2125 antiqui
1052 2055 1171 2105 manus
1195 2032 1244 2106 ita
1265 2036 1368 2109 absli·

395 2145 477 2218 neri
500 2144 703 2225 voluerunt,
718 2157 757 2210 ut
777 2137 884 2231 capite
907 2137 1096 2228 sanxerint,
1118 2140 1142 2211 sr
1166 2139 1244 2238 quis
1267 2144 1366 2217 occi·

398 2255 505 2326 differ.
528 2250 595 2350 q'ua
616 2251 652 2322 in
669 2271 705 2320 re
722 2245 812 2319 testis
832 2247 965 2336 Attice,
985 2248 1073 2320 tellis
1094 2250 1366 2345 Peloponnesos.

395 2364 484 2434 Nam
506 2359 548 2430 ab
567 2359 637 2430 boc
659 2378 782 2450 pecore
808 2353 947 2426 Athenis
968 2357 1118 2454 Buzuges
1137 2359 1364 2452 nobilitatus,

398 2460 495 2568 Argis
515 2481 651 2563 avlyvpor.
673 2464 783 2553 Novi,
800 2471 904 2559 inquit
918 2469 992 2556 illc,
1013 2469 1215 2564 majestatem
1237 2471 1365 2568 boum,

391 2579 552 2658 &abhis
565 2575 631 2647 dici
646 2575 803 2670 pleraque
817 2599 953 2670 magna,
966 2595 1005 2649 ut
1016 2587 1171 2664 uerum,
1184 2585 1363 2672 βούπιιὴ,

392 2699 549 2777 βούλιμον,
567 2692 682 2764 βοῶσαι.
706 2707 811 2753 uvam
834 2706 976 2780 quoque
1002 2686 1240 2758 bumammam.
1270 2715 1363 2784 prae·

394 2820 487 2872 terea
501 2793 570 2866 scio
591 2793 683 2866 hunc
703 2792 837 2881 esle,in
853 2817 956 2891 quem
977 2797 1182 2892 potissimum
1203 2790 1361 2896 luppiter

393 2909 429 2982 se
448 2901 641 2987 convertit,
655 2926 733 2975 curn
753 2906 949 2999 exportavit
971 2932 1031 3002 per
1047 2931 1138 2979 mare
1154 2932 1173 2980 e
1193 2909 1360 2987 Phoenice

394 3039 510 3088 amans
533 3013 703 3104 Europam
717 3036 729 3096 ;
744 3011 836 3085 hunc
860 3012 946 3105 esse,
966 3014 1025 3110 qui
1047 3013 1138 3087 filios
1163 3015 1321 3112 Neptuni
1341 3046 1361 3092 e

393 3121 586 3215 Menalippa
615 3121 779 3208 servarit,
805 3147 847 3195 ne
873 3123 909 3194 in
937 3123 1066 3198 slabulo
1098 3124 1246 3208 infantes
1276 3156 1357 3229 grex

300 3271 306 3280 ·
389 3235 502 3309 boum
523 3231 703 3304 obtereret.
724 3230 868 3328 denique
894 3256 935 3302 ex
959 3233 1027 3308 hoc
1048 3233 1241 3331 putresaslo
1268 3239 1356 3312 nasci

393 3341 593 3417 dulcissimas
612 3362 714 3435 apes,
737 3340 845 3413 mellis
868 3361 988 3416 matres
1000 3368 1055 3441 ,a
1072 3369 1145 3440 quo
1166 3369 1224 3417 eas
1243 3346 1354 3422 Graeci

391 3463 532 3546 pauperet
553 3449 739 3544 appellant,
760 3453 799 3525 &
820 3451 901 3524 hinc
923 3453 1088 3527 Plautium
1110 3457 1271 3531 locutum
1294 3461 1352 3533 elle

387 3559 527 3642 Latine,
549 3584 625 3630 cum
647 3559 798 3630 Hirtium
820 3581 1000 3656 praetorem
1024 3564 1257 3640 renuntiatum
1284 3573 1359 3647 Ro·>

391 3678 481 3741 mam
498 3666 536 3740 in
551 3667 700 3739 senatum
717 3667 873 3764 scriptum
894 3670 1026 3750 habere.
1042 3675 1107 3746 Sed
1120 3673 1220 3747 bono
1236 3679 1352 3753 animo

388 3801 446 3864 es,
461 3801 532 3848 non
547 3777 657 3848 minus
672 3775 864 3851 satisfaciam
880 3780 962 3870 tibi,
974 3806 1076 3877 quam
1087 3786 1145 3880 qui
1160 3788 1350 3886 Bugoniam

387 3886 527 3982 scripsit.
551 3886 699 3959 Primum
726 3885 761 3958 in
791 3888 919 3961 bubulo
946 3915 1066 3985 genere
1092 3892 1198 3965 aetatis
1229 3899 1350 3991 gradus

389 3998 551 4079 dicuntur
575 4018 732 4101 quatuor.
759 3997 868 4072 Prima
895 3999 1105 4094 vitulorum,
1126 4001 1292 4103 secunda¹
1302 4005 1350 4105 ju·
1391 4056 1393 4067 ι
