3509 5084
382 563 454 647 ’152
527 544 576 617 M.
600 480 874 614 ¹'l‘llllllNTll
899 531 1201 633 VARRONIS
1263 642 1270 651 .

384 706 477 805 prius
503 729 557 778 eas
584 702 650 806 sale
676 699 874 791 maceraris,
896 717 936 771 ut
962 695 1106 771 libenter
1134 697 1170 769 in
1199 719 1239 770 os
1265 696 1358 773 teci-⁸

411 835 534 888 rantur.

385 842 410 915 p
447 924 587 994 LXVII.
618 922 749 994 Nucem
777 917 995 1016 juglandem,
1020 919 1059 992 δι
1084 917 1290 1014 palmulam,
1316 920 1357 992 δι

386 1029 491 1103 ficum
511 1028 667 1102 Sabinam
685 1028 941 1126 quantocitius
968 1025 1125 1123 pomls,
1145 1020 1357 1121 jucundiore

387 1160 503 1228 utare,
522 1141 616 1238 quod
639 1139 804 1211 vetustate
831 1137 915 1211 ficus
937 1134 976 1212 fit
1001 1138 1180 1234 pallidior,
1203 1137 1357 1235 palmula

387 1249 570 1334 catiofior‚
587 1274 654 1321 nux
669 1249 807 1321 aridior.

278 1445 281 1457 Ι
436 1358 592 1429 LXVIII.
614 1356 774 1445 pensilia,
791 1374 827 1428 ut
846 1356 1067 1445 uvae,'mala,
1088 1357 1127 1430 δι
1148 1354 1268 1444 sorba,
1283 1354 1358 1451 ipsa

268 1512 273 1519 -
389 1464 590 1561 ostendunt,
605 1463 742 1560 quando
760 1462 802 1535 ad
815 1463 911 1535 usum
928 1481 1088 1559 oporteat
1106 1454 1219 1560 promi
1233 1464 1359 1559 :quod

389 1573 511 1647 colore
529 1590 660 1643 mutato
678 1574 716 1647 &
731 1571 905 1645 contractu
917 1570 1115 1659 acinorum,
1129 1572 1153 1644 fi
1172 1597 1244 1646 non
1259 1573 1360 1646 dern-

390 1681 471 1756 seris
493 1681 536 1752 ad
549 1680 717 1753 edendum
730 1732 741 1767 ,
756 1678 800 1750 ad
824 1677 1051 1773 abjiciendum
1071 1682 1311 1755 descensurum·
1326 1675 1360 1755 se

390 1791 600 1864 minitantur.
620 1790 766 1861 Sorbum
780 1806 945 1860 maturum
960 1788 1040 1859 mite
1060 1785 1360 1864 conditum-citius

390 1900 503 1998 promi
527 1919 695 1994 oportet:
717 1901 875 1972 acerbum
898 1898 989 1972 enim
1010 1899 1205 1995 suspensum
1231 1901 1360 1975 lentius

389 2011 449 2097 est.
479 2012 572 2107 quod
605 2011 697 2106 prius
728 2008 824 2082 domi
849 2009 1074 2082 maturitatem
1102 2011 1226 2109 assequi
1256 2012 1359 2098 vult,

390 2141 493 2216 quatu
514 2118 630 2214 nequit
645 2119 681 2189 in
699 2119 841 2206 arbore,
856 2142 959 2214 quam
977 2118 1136 2191 mitescat.

440 2227 569 2300 LXIX.
593 2227 734 2300 Meffum
755 2225 806 2298 fat
824 2227 1050 2322 promendum
1070 2227 1181 2300 hieme
1194 2228 1230 2300 in
1246 2229 1360 2324 pistri-

392 2360 442 2409 no
458 2337 500 2408 ad
518 2336 737 2424 torrendum,
753 2336 850 2436 quod
863 2337 906 2409 ad
921 2336 1067 2408 cibatum
1083 2337 1279 2433 expeditum
1294 2340 1361 2410 effe

392 2447 494 2541 uclis.
516 2445 623 2538 Quod
646 2447 687 2518 ad
710 2445 894 2535 sationem,
916 2465 986 2517 tum
1010 2448 1257 2540 promendum,
1280 2474 1360 2521 cum

392 2558 519 2653 segetes
531 2577 670 2629 maturae
685 2557 815 2630 suntad
830 2557 1075 2653 accipiendum.
1087 2561 1170 2631 ltem
1187 2584 1264 2657 quae
1278 2585 1361 2655 per·

392 2662 503 2740 tinent
522 2669 565 2742 ad
583 2668 744 2743 sationem
756 2723 767 2758 ,
781 2669 843 2743 suo
860 2695 1002 2768 quoque
1025 2678 1177 2768 tempore
1193 2662 1362 2767 promen·

393 2782 446 2854 da.
465 2782 554 2875 Quae
576 2781 774 2871 vendenda,
795 2779 1000 2870 videndum,
1015 2794 1092 2879 qup'
1110 2806 1246 2878 quoque
1267 2800 1362 2854 tem·

350 2914 479 2989 ¹,pore
500 2909 660 2988 oporteat
684 2892 807 2988 promi.
825 2891 892 2964 alia
912 2891 1023 2976 enim,
1038 2918 1114 2990 quae
1127 2913 1262 2962 manere
1283 2917 1362 2973 non

392 2998 549 3094 poliunt,
563 3018 742 3095 antequam
763 2997 794 3072 se
815 3017 1046 3090 commutent,
1061 3018 1098 3072 ut
1112 2998 1264 3073 celeriter
1277 3025 1362 3095 pro·

392 3131 485 3193 mas,
498 3131 538 3179 ac
554 3109 702 3179 vendas:
721 3108 806 3196 alia,
820 3134 898 3204 quar
915 3108 1039 3208 servati
1053 3109 1211 3205 poffunt,
1227 3125 1265 3180 ut
1286 3126 1360 3180 tum

393 3216 541 3305 vendas,
562 3242 639 3290 cum
662 3218 781 3291 caritas
795 3220 849 3292 est.
869 3221 956 3318 saepe
970 3208 1067 3293 enim
1089 3219 1215 3317 diutius
1232 3216 1359 3293 servata

393 3350 468 3399 non
483 3327 590 3398 modo
605 3325 738 3401 usuram
752 3328 939 3424 adjiciunt3
951 3329 1006 3405 scd
1018 3329 1119 3404 etiarn
1136 3328 1281 3402 seudum
1296 3331 1361 3400 du-

392 3433 538 3527 plicant,
555 3431 579 3506 Ii
598 3454 754 3533 tempore
767 3463 913 3535 promas.
931 3441 1019 3513 Cum
1035 3442 1109 3512 haec
1125 3441 1251 3513 diceret
1262 3442 1361 3512 Sto·

361 3579 365 3585 ’
393 3563 465 3631 ιο,
480 3545 576 3616 venit
591 3545 732 3621 libertus
755 3549 905 3623 aeditumi
926 3549 968 3622 ad
982 3574 1047 3622 nos
1067 3547 1171 3638 flens,
1186 3551 1223 3621 ὅ(
1239 3566 1361 3645 rogat,

392 3675 431 3728 ut
451 3656 663 3754 ignoscamus
683 3663 778 3756 quod
801 3661 900 3734 fimus
921 3662 1067 3747 retenti,
1083 3665 1120 3735 δι
1135 3680 1171 3732 ut
1189 3662 1220 3732 ei
1242 3660 1278 3730 in
1299 3659 1362 3749 su·

393 3790 459 3837 nus
482 3764 640 3860 poslridie
659 3766 870 3864 prodeamus.
893 3774 1024 3841 Omnes
1044 3767 1300 3863 consurgimus,
1320 3792 1362 3839 ac

390 3873 490 3946 simul
508 3875 752 3968 exclamamus,
773 3876 891 3971 Quid?
911 3879 946 3950 in
961 3878 1090 3953 funus?
1112 3877 1208 3973 quod
1225 3873 1361 3949 funus?

394 3982 542 4078 quidest
564 3984 711 4062 fastum?
734 3987 792 4062 Ille
812 3985 897 4061 Ileus
912 4008 1051 4086 narrat,
1073 3988 1117 4061 ab
1141 3976 1264 4062 nescio*
1286 4011 1363 4085 quo
