3509 5084
385 533 457 629 5158
532 533 1203 609 ureueutuvuuuouts

389 694 523 769 terioris
541 694 736 790 regionibus
758 693 900 788 aliquot.
920 695 1053 790 Origo,
1068 720 1170 789 quam
1186 693 1278 767 diui:
1295 693 1357 766 ‹li-¹

387 804 515 904 gnitas‚
531 829 632 900 quam
644 803 763 876 dicam.
776 804 833 874 De
847 803 991 899 antiquis
1010 802 1242 873 illustrillrmus
1256 803 1354 900 quis·
1409 822 1416 832 ·

282 993 286 1005 ,
387 938 455 1011 que
474 913 585 1009 pallor
605 931 698 1013 erat,
718 935 756 983 ut
772 911 919 985 ostendit
939 915 1059 985 Graeca
1080 915 1116 984 δι
1140 912 1258 983 latina
1281 913 1355 982 lin-

388 1048 474 1120 gua,
495 1026 674 1096 &veteres
696 1041 825 1117 poetae,
839 1023 897 1119 qui
918 1022 1003 1094 alios
1024 1039 1150 1095 vocant
1170 1031 1354 1115 metiemur,

390 1134 478 1210 allos
499 1140 701 1223 πολυμῆλους,
719 1131 804 1222 allos
830 1142 1037 1219 πολυβούτας,
1058 1133 1115 1227 qul
1137 1132 1220 1225 ipsas
1242 1156 1355 1226 pecu·

386 1247 447 1319 des
471 1260 610 1339 propter
630 1243 801 1316 caritatem
816 1265 930 1314 aureas
950 1242 1097 1312 babuille
1119 1242 1222 1337 pelles
1243 1239 1357 1311 tradi·

389 1356 532 1441 derunt,
546 1370 584 1423 ut
604 1352 704 1448 Argis
724 1356 866 1439 Atreus,
882 1376 980 1447 quam
997 1351 1057 1422 fibi
1070 1341 1254 1448 Thyestem
1275 1348 1358 1420 sub·

388 1465 480 1536 duxe
500 1459 673 1558 queritur:
689 1462 774 1533 utin
792 1460 959 1535 Colchide
973 1463 1067 1535 AEeta
1078 1515 1089 1549 ,
1100 1462 1142 1533 ad
1157 1458 1251 1552 cujus
1264 1459 1357 1532 arie·
1418 1512 1422 1518 -

389 1575 434 1647 tis
450 1573 569 1669 pellem
594 1569 737 1664 profeffi
750 1573 846 1667 regio
865 1597 987 1668 genere
1000 1574 1159 1646 dicuntur
1173 1579 1359 1669 Argonau-

391 1701 460 1756 tae:
482 1700 520 1752 ut
535 1678 570 1749 in
592 1680 703 1776 Libya
726 1683 767 1752 ad
788 1680 1113 1776 Hesperidas,unde
1128 1705 1226 1753 aurea
1245 1678 1357 1768 mala,

389 1789 510 1874 idest,
528 1787 710 1860 secundum
735 1789 904 1885 antiquam
924 1787 1222 1875 consuetudinem,
1236 1812 1357 1882 capras

389 1904 431 1975 ὃ(
456 1923 562 1983 oves,
580 1897 901 1996 [quasptlercules
923 1923 965 1969 ex
988 1897 1102 1972 Africa
1121 1898 1155 1968 in
1181 1897 1356 1970 Graeciam

393 2011 601 2109 exportavit.
625 2013 673 2080 lia
699 2009 789 2083 enim
811 2008 867 2079 sua
887 2034 975 2081 voce
1001 2009 1116 2082 Graeci
1143 2010 1356 2106 appellarunt

390 2133 483 2216 pina.
506 2123 581 2192 Nec
600 2120 710 2192 multo
731 2120 824 2192 secus
846 2117 951 2190 nollri
971 2119 1013 2190 ab
1029 2122 1145 2191 eadem
1164 2143 1255 2191 voce
1268 2117 1357 2208 ,sed

391 2229 520 2304 ababa
541 2228 647 2301 litera.
667 2251 741 2299 vox
759 2252 873 2299 earum
896 2251 1058 2316 nonme,
1080 2228 1135 2300 sed
1157 2230 1220 2302 bee
1233 2228 1358 2301 sonare

389 2340 537 2414 videtur.
560 2362 649 2411 oves
665 2337 797 2409 beelare
821 2361 945 2410 vocem
964 2334 1158 2411 efferentes':
1171 2365 1191 2411 a
1204 2363 1277 2434 quo
1296 2339 1358 2410 be·

391 2450 462 2522 lare
480 2450 620 2536 dicunt,
641 2448 761 2520 extrita
782 2445 902 2535 litera,
926 2467 964 2520 ut
984 2447 1020 2518 in
1043 2448 1168 2522 multis.
1198 2449 1307 2541 Quod
1329 2448 1356 2519 ti

392 2559 483 2655 apud
497 2557 654 2650 antiquos
667 2580 739 2627 uon
756 2581 885 2652 magnae
901 2555 1071 2651 diguitatis
1085 2582 1187 2651 pecus
1200 2557 1302 2642 effer,
1318 2556 1356 2629 itt

393 2668 489 2743 coelo
502 2665 720 2740 describendo
733 2665 893 2763 astrologi
909 2691 980 2737 non
997 2669 1210 2762 appellassent
1229 2694 1356 2742 eorum

393 2773 573 2850 vocabulis
594 2772 709 2870 figuti,
733 2799 817 2870 quae·
838 2799 911 2846 non
928 2776 1034 2848 modo
1061 2803 1133 2850 non
1157 2778 1354 2850 dubitarunt

391 2909 544 2986 ponere,
559 2882 614 2958 sed
625 2882 724 2956 etiam
737 2885 780 2957 ab
791 2883 842 2955 his
852 2884 1063 2980 principibus
1077 2907 1136 2957 atu
1150 2885 1243 2982 ligna¹
1251 2884 1354 2958 multi

386 3021 595 3073 numerant:
616 3015 656 3068 ut
672 2996 714 3069 ab
732 2996 835 3068 ariete
856 2998 1030 3084 &-tauto‚
1054 3024 1131 3070 cum
1153 3024 1193 3070 ea
1214 3023 1354 3092 praepo·

393 3125 515 3180 nerent
533 3105 737 3199 Apollini&
757 3105 904 3177 Herculi.
925 3104 949 3176 ii
965 3105 1055 3177 enim
1069 3107 1132 3178 Dii
1151 3132 1189 3178 ea
1204 3106 1353 3203 sequun-

393 3234 470 3302 tur,
483 3212 539 3284 sed
560 3210 770 3307 appellantur
787 3212 936 3283 Gemini.
950 3215 983 3283 N
986 3238 1024 3286 ec
1047 3213 1122 3285 satis
1136 3233 1296 3309 putarunt
1311 3216 1353 3288 de

393 3342 455 3394 ΧΠ
477 3321 576 3419 siguis
594 3319 717 3390 sextam
742 3339 868 3414 partem
886 3320 1040 3395 obtinere
1056 3324 1219 3417 pecudum
1235 3314 1354 3393 nomi-

389 3459 459 3522 na,
472 3431 533 3504 nist
553 3428 812 3524 adjecitlenrnn
823 3451 974 3527 quartam
994 3453 1168 3521 tenerent,
1182 3434 1355 3526 capricot·
1425 3441 1427 3453 ⁴

389 3567 486 3616 num.
505 3543 668 3613 Praetetea
684 3540 884 3635 apecuat'iis
902 3543 1099 3614 addiderunt
1115 3568 1269 3637 capram,
1281 3545 1353 3613 hae-

392 3654 477 3741 dos,
492 3677 601 3728 canes.
626 3659 682 3724 An
703 3676 773 3723 non
799 3653 899 3725 etiam
926 3655 1006 3726 item
1034 3658 1070 3727 in
1094 3655 1175 3727 mari
1196 3673 1354 3750 terraque

390 3761 436 3832 ab
455 3758 507 3832 his
523 3757 701 3855 regionum
722 3760 838 3831 notae?
865 3767 900 3848 [a
916 3762 1061 3861 pecore]
1082 3763 1117 3834 in
1133 3763 1240 3844 mari,
1257 3762 1356 3858 quod

391 3868 657 3942 nominaverunt
678 3894 696 3940 a
710 3867 817 3964 capris
836 3871 975 3966 AEgeum
991 3874 1147 3970 pelagus:
1162 3874 1203 3945 ad
1217 3873 1356 3969 Syriam

391 3997 543 4054 montem
562 3978 737 4053 Tatuum:
758 3977 794 4052 in
807 3978 938 4054 Sabinis
952 3983 1151 4091 Cauterium
1176 3998 1350 4057 montemt'
