<?xml version="1.0" encoding="UTF-8"?>
<!DOCTYPE html PUBLIC "-//W3C//DTD XHTML 1.0 Transitional//EN"
    "http://www.w3.org/TR/xhtml1/DTD/xhtml1-transitional.dtd">
<html xmlns="http://www.w3.org/1999/xhtml" xml:lang="en" lang="en">
 <head>
  <title>
</title>
<meta http-equiv="Content-Type" content="text/html;charset=utf-8" />
  <meta name='ocr-system' content='tesseract 3.04.00' />
  <meta name='ocr-capabilities' content='ocr_page ocr_carea ocr_par ocr_line ocrx_word'/>
</head>
<body>
  <div class='ocr_page' id='page_1' title='image "./scriptoresreiru02gesngoog_0229.png"; bbox 0 0 3509 5084; ppageno 0'>
   <div class='ocr_carea' id='block_1_1' title="bbox 468 553 1287 691">
    <p class='ocr_par' dir='ltr' id='par_1_1' title="bbox 468 553 1287 691">
     <span class='ocr_line' id='line_1_1' title="bbox 468 553 1287 691; baseline 0.011 -42"><span class='ocrx_word' id='word_1_1' title='bbox 468 553 1100 691; x_wconf 65' lang='lat' dir='ltr'><strong>nan‘enusarcn</strong></span> <span class='ocrx_word' id='word_1_2' title='bbox 1237 585 1287 685; x_wconf 62' lang='lat' dir='ltr'><strong>a,</strong></span> 
     </span>
    </p>
   </div>
   <div class='ocr_carea' id='block_1_2' title="bbox 246 733 1436 4022">
    <p class='ocr_par' dir='ltr' id='par_1_2' title="bbox 280 733 1436 2812">
     <span class='ocr_line' id='line_1_2' title="bbox 310 733 1289 834; baseline 0.007 -25"><span class='ocrx_word' id='word_1_3' title='bbox 310 734 513 818; x_wconf 80' lang='lat' dir='ltr'><strong>vestimenta</strong></span> <span class='ocrx_word' id='word_1_4' title='bbox 537 733 673 805; x_wconf 85' lang='lat' dir='ltr'><strong>familiae</strong></span> <span class='ocrx_word' id='word_1_5' title='bbox 686 733 759 805; x_wconf 87' lang='lat' dir='ltr'><strong>dati</strong></span> <span class='ocrx_word' id='word_1_6' title='bbox 782 754 945 832; x_wconf 82' lang='lat' dir='ltr'><strong>oportet,</strong></span> <span class='ocrx_word' id='word_1_7' title='bbox 968 740 1084 812; x_wconf 88' lang='lat' dir='ltr'><strong>eadem</strong></span> <span class='ocrx_word' id='word_1_8' title='bbox 1099 740 1149 812; x_wconf 93' lang='lat' dir='ltr'><strong>uti</strong></span> <span class='ocrx_word' id='word_1_9' title='bbox 1167 760 1289 834; x_wconf 80' lang='lat' dir='ltr'><strong>curet,</strong></span> 
     </span>
     <span class='ocr_line' id='line_1_3' title="bbox 312 842 1288 944; baseline 0.008 -25"><span class='ocrx_word' id='word_1_10' title='bbox 312 847 481 944; x_wconf 82' lang='lat' dir='ltr'><strong>faciatque</strong></span> <span class='ocrx_word' id='word_1_11' title='bbox 494 866 644 932; x_wconf 85' lang='lat' dir='ltr'><strong>moneo,</strong></span> <span class='ocrx_word' id='word_1_12' title='bbox 657 842 871 944; x_wconf 90' lang='lat' dir='ltr'><strong>dominoque</strong></span> <span class='ocrx_word' id='word_1_13' title='bbox 887 846 977 919; x_wconf 75' lang='lat' dir='ltr'><strong>dislo</strong></span> <span class='ocrx_word' id='word_1_14' title='bbox 992 850 1130 923; x_wconf 90' lang='lat' dir='ltr'><strong>audiens</strong></span> <span class='ocrx_word' id='word_1_15' title='bbox 1144 849 1192 925; x_wconf 81' lang='lat' dir='ltr'><strong>fir.</strong></span> <span class='ocrx_word' id='word_1_16' title='bbox 1208 854 1288 929; x_wconf 75' lang='lat' dir='ltr'><strong>Hoc</strong></span> 
     </span>
     <span class='ocr_line' id='line_1_4' title="bbox 311 952 1290 1058; baseline 0.008 -29"><span class='ocrx_word' id='word_1_17' title='bbox 311 956 475 1052; x_wconf 86' lang='lat' dir='ltr'><strong>amplius,</strong></span> <span class='ocrx_word' id='word_1_18' title='bbox 488 952 670 1050; x_wconf 90' lang='lat' dir='ltr'><strong>quomodo</strong></span> <span class='ocrx_word' id='word_1_19' title='bbox 687 953 824 1051; x_wconf 87' lang='lat' dir='ltr'><strong>vilicam</strong></span> <span class='ocrx_word' id='word_1_20' title='bbox 840 956 889 1028; x_wconf 91' lang='lat' dir='ltr'><strong>uti</strong></span> <span class='ocrx_word' id='word_1_21' title='bbox 913 980 1072 1053; x_wconf 84' lang='lat' dir='ltr'><strong>oportet,</strong></span> <span class='ocrx_word' id='word_1_22' title='bbox 1087 963 1124 1035; x_wconf 80' lang='grc' dir='ltr'><strong>δι</strong></span> <span class='ocrx_word' id='word_1_23' title='bbox 1139 988 1290 1058; x_wconf 90' lang='lat' dir='ltr'><strong>quomo·</strong></span> 
     </span>
     <span class='ocr_line' id='line_1_5' title="bbox 312 1059 1288 1170; baseline 0.011 -33"><span class='ocrx_word' id='word_1_24' title='bbox 312 1065 360 1138; x_wconf 94' lang='lat' dir='ltr'><strong>do</strong></span> <span class='ocrx_word' id='word_1_25' title='bbox 380 1088 429 1137; x_wconf 81' lang='lat' dir='ltr'><strong>eae</strong></span> <span class='ocrx_word' id='word_1_26' title='bbox 441 1059 599 1169; x_wconf 70' lang='lat' dir='ltr'><strong>imperari</strong></span> <span class='ocrx_word' id='word_1_27' title='bbox 619 1081 779 1158; x_wconf 87' lang='lat' dir='ltr'><strong>oportet,</strong></span> <span class='ocrx_word' id='word_1_28' title='bbox 798 1063 850 1135; x_wconf 92' lang='lat' dir='ltr'><strong>uti</strong></span> <span class='ocrx_word' id='word_1_29' title='bbox 873 1066 1024 1140; x_wconf 85' lang='lat' dir='ltr'><strong>adventu</strong></span> <span class='ocrx_word' id='word_1_30' title='bbox 1041 1070 1288 1170; x_wconf 77' lang='lat' dir='ltr'><strong>domini,quae</strong></span> 
     </span>
     <span class='ocr_line' id='line_1_6' title="bbox 313 1173 1436 1277; baseline 0.011 -33"><span class='ocrx_word' id='word_1_31' title='bbox 313 1201 404 1274; x_wconf 89' lang='lat' dir='ltr'><strong>opus</strong></span> <span class='ocrx_word' id='word_1_32' title='bbox 424 1173 518 1261; x_wconf 92' lang='lat' dir='ltr'><strong>sunt,</strong></span> <span class='ocrx_word' id='word_1_33' title='bbox 534 1191 692 1272; x_wconf 74' lang='lat' dir='ltr'><strong>parentur</strong></span> <span class='ocrx_word' id='word_1_34' title='bbox 705 1226 716 1258; x_wconf 92' lang='lat'><strong>,</strong></span> <span class='ocrx_word' id='word_1_35' title='bbox 731 1191 961 1272; x_wconf 86' lang='lat' dir='ltr'><strong>curentutque</strong></span> <span class='ocrx_word' id='word_1_36' title='bbox 986 1178 1178 1277; x_wconf 85' lang='lat' dir='ltr'><strong>diligenter.</strong></span> <span class='ocrx_word' id='word_1_37' title='bbox 1431 1248 1436 1256; x_wconf 93' lang='lat'><strong>.</strong></span> 
     </span>
     <span class='ocr_line' id='line_1_7' title="bbox 280 1280 1335 1382; baseline 0.011 -26"><span class='ocrx_word' id='word_1_38' title='bbox 280 1306 281 1309; x_wconf 72' lang='grc'>’</span> <span class='ocrx_word' id='word_1_39' title='bbox 364 1285 515 1357; x_wconf 81' lang='lat' dir='ltr'><strong>CXLIII.</strong></span> <span class='ocrx_word' id='word_1_40' title='bbox 531 1282 654 1357; x_wconf 85' lang='lat' dir='ltr'><strong>Vilicae</strong></span> <span class='ocrx_word' id='word_1_41' title='bbox 668 1306 744 1377; x_wconf 80' lang='lat' dir='ltr'><strong>quae</strong></span> <span class='ocrx_word' id='word_1_42' title='bbox 757 1280 831 1382; x_wconf 87' lang='lat' dir='ltr'><strong>sunt</strong></span> <span class='ocrx_word' id='word_1_43' title='bbox 845 1284 978 1375; x_wconf 89' lang='lat' dir='ltr'><strong>officia,</strong></span> <span class='ocrx_word' id='word_1_44' title='bbox 990 1308 1109 1362; x_wconf 84' lang='lat' dir='ltr'><strong>curato</strong></span> <span class='ocrx_word' id='word_1_45' title='bbox 1127 1290 1237 1364; x_wconf 63' lang='lat' dir='ltr'><strong>ficiat.</strong></span> <span class='ocrx_word' id='word_1_46' title='bbox 1251 1291 1289 1368; x_wconf 87' lang='lat' dir='ltr'><strong>Sl</strong></span> <span class='ocrx_word' id='word_1_47' title='bbox 1333 1284 1335 1289; x_wconf 37' lang='lat'><strong><em>¹</em></strong></span> 
     </span>
     <span class='ocr_line' id='line_1_8' title="bbox 311 1373 1288 1489; baseline 0.007 -22"><span class='ocrx_word' id='word_1_48' title='bbox 311 1418 388 1485; x_wconf 73' lang='lat' dir='ltr'><strong>cam</strong></span> <span class='ocrx_word' id='word_1_49' title='bbox 402 1391 465 1462; x_wconf 90' lang='lat' dir='ltr'><strong>tibi</strong></span> <span class='ocrx_word' id='word_1_50' title='bbox 482 1389 610 1489; x_wconf 82' lang='lat' dir='ltr'><strong>deder&#39;it</strong></span> <span class='ocrx_word' id='word_1_51' title='bbox 628 1389 787 1475; x_wconf 88' lang='lat' dir='ltr'><strong>dominus</strong></span> <span class='ocrx_word' id='word_1_52' title='bbox 808 1416 953 1464; x_wconf 87' lang='lat' dir='ltr'><strong>uxorem</strong></span> <span class='ocrx_word' id='word_1_53' title='bbox 965 1421 1031 1480; x_wconf 84' lang='lat' dir='ltr'><strong>,ea</strong></span> <span class='ocrx_word' id='word_1_54' title='bbox 1046 1397 1117 1470; x_wconf 90' lang='lat' dir='ltr'><strong>ello</strong></span> <span class='ocrx_word' id='word_1_55' title='bbox 1137 1373 1288 1473; x_wconf 82' lang='lat' dir='ltr'><strong>conten·</strong></span> 
     </span>
     <span class='ocr_line' id='line_1_9' title="bbox 315 1496 1287 1585; baseline 0.008 -9"><span class='ocrx_word' id='word_1_56' title='bbox 315 1522 382 1577; x_wconf 83' lang='lat' dir='ltr'><strong>rus.</strong></span> <span class='ocrx_word' id='word_1_57' title='bbox 394 1504 442 1572; x_wconf 81' lang='lat' dir='ltr'><strong>Ea</strong></span> <span class='ocrx_word' id='word_1_58' title='bbox 460 1516 494 1571; x_wconf 91' lang='lat' dir='ltr'><strong>te</strong></span> <span class='ocrx_word' id='word_1_59' title='bbox 508 1515 642 1570; x_wconf 86' lang='lat' dir='ltr'><strong>metuat.</strong></span> <span class='ocrx_word' id='word_1_60' title='bbox 656 1496 794 1585; x_wconf 83' lang='lat' dir='ltr'><strong>Facito,</strong></span> <span class='ocrx_word' id='word_1_61' title='bbox 809 1523 851 1572; x_wconf 92' lang='lat' dir='ltr'><strong>ne</strong></span> <span class='ocrx_word' id='word_1_62' title='bbox 866 1499 1009 1574; x_wconf 88' lang='lat' dir='ltr'><strong>nimium</strong></span> <span class='ocrx_word' id='word_1_63' title='bbox 1025 1503 1198 1578; x_wconf 86' lang='lat' dir='ltr'><strong>luxuriosa</strong></span> <span class='ocrx_word' id='word_1_64' title='bbox 1215 1508 1287 1585; x_wconf 86' lang='lat' dir='ltr'><strong>fiet.</strong></span> 
     </span>
     <span class='ocr_line' id='line_1_10' title="bbox 313 1603 1288 1708; baseline 0.006 -22"><span class='ocrx_word' id='word_1_65' title='bbox 313 1613 463 1686; x_wconf 66' lang='lat' dir='ltr'><strong>vicinas.</strong></span> <span class='ocrx_word' id='word_1_66' title='bbox 479 1609 624 1705; x_wconf 90' lang='lat' dir='ltr'><strong>aliasque</strong></span> <span class='ocrx_word' id='word_1_67' title='bbox 652 1607 809 1681; x_wconf 87' lang='lat' dir='ltr'><strong>mulieres</strong></span> <span class='ocrx_word' id='word_1_68' title='bbox 831 1637 934 1708; x_wconf 89' lang='lat' dir='ltr'><strong>quam</strong></span> <span class='ocrx_word' id='word_1_69' title='bbox 963 1613 1140 1704; x_wconf 78' lang='lat' dir='ltr'><strong>minimum</strong></span> <span class='ocrx_word' id='word_1_70' title='bbox 1164 1603 1288 1694; x_wconf 83' lang='lat' dir='ltr'><strong>utatur.</strong></span> 
     </span>
     <span class='ocr_line' id='line_1_11' title="bbox 315 1719 1291 1817; baseline 0.006 -25"><span class='ocrx_word' id='word_1_71' title='bbox 315 1747 408 1798; x_wconf 82' lang='lat' dir='ltr'><strong>neve</strong></span> <span class='ocrx_word' id='word_1_72' title='bbox 426 1722 583 1809; x_wconf 90' lang='lat' dir='ltr'><strong>domum,</strong></span> <span class='ocrx_word' id='word_1_73' title='bbox 596 1743 686 1790; x_wconf 88' lang='lat' dir='ltr'><strong>neve</strong></span> <span class='ocrx_word' id='word_1_74' title='bbox 706 1719 747 1790; x_wconf 89' lang='lat' dir='ltr'><strong>ad</strong></span> <span class='ocrx_word' id='word_1_75' title='bbox 767 1719 832 1791; x_wconf 89' lang='lat' dir='ltr'><strong>sese</strong></span> <span class='ocrx_word' id='word_1_76' title='bbox 857 1721 1008 1817; x_wconf 88' lang='lat' dir='ltr'><strong>recipiat.</strong></span> <span class='ocrx_word' id='word_1_77' title='bbox 1029 1725 1070 1795; x_wconf 91' lang='lat' dir='ltr'><strong>ad</strong></span> <span class='ocrx_word' id='word_1_78' title='bbox 1086 1750 1221 1803; x_wconf 90' lang='lat' dir='ltr'><strong>coenam</strong></span> <span class='ocrx_word' id='word_1_79' title='bbox 1244 1751 1291 1801; x_wconf 86' lang='lat' dir='ltr'><strong>ne</strong></span> 
     </span>
     <span class='ocr_line' id='line_1_12' title="bbox 316 1828 1291 1932; baseline 0.005 -27"><span class='ocrx_word' id='word_1_80' title='bbox 316 1858 389 1932; x_wconf 93' lang='lat' dir='ltr'><strong>quo</strong></span> <span class='ocrx_word' id='word_1_81' title='bbox 404 1851 475 1919; x_wconf 83' lang='lat' dir='ltr'><strong>eat,</strong></span> <span class='ocrx_word' id='word_1_82' title='bbox 490 1837 578 1903; x_wconf 89' lang='lat' dir='ltr'><strong>neve</strong></span> <span class='ocrx_word' id='word_1_83' title='bbox 595 1828 798 1901; x_wconf 86' lang='lat' dir='ltr'><strong>ambulatrix</strong></span> <span class='ocrx_word' id='word_1_84' title='bbox 818 1830 887 1900; x_wconf 88' lang='lat' dir='ltr'><strong>sret.</strong></span> <span class='ocrx_word' id='word_1_85' title='bbox 906 1833 992 1902; x_wconf 87' lang='lat' dir='ltr'><strong>Rem</strong></span> <span class='ocrx_word' id='word_1_86' title='bbox 1008 1833 1161 1907; x_wconf 89' lang='lat' dir='ltr'><strong>divinam</strong></span> <span class='ocrx_word' id='word_1_87' title='bbox 1183 1837 1219 1907; x_wconf 87' lang='lat' dir='ltr'><strong>ni</strong></span> <span class='ocrx_word' id='word_1_88' title='bbox 1239 1836 1291 1921; x_wconf 86' lang='lat' dir='ltr'><strong>fa·</strong></span> 
     </span>
     <span class='ocr_line' id='line_1_13' title="bbox 318 1937 1398 2035; baseline 0.001 -18"><span class='ocrx_word' id='word_1_89' title='bbox 318 1941 408 2030; x_wconf 86' lang='lat' dir='ltr'><strong>ciat,</strong></span> <span class='ocrx_word' id='word_1_90' title='bbox 429 1966 517 2013; x_wconf 90' lang='lat' dir='ltr'><strong>neve</strong></span> <span class='ocrx_word' id='word_1_91' title='bbox 531 1938 687 2024; x_wconf 86' lang='lat' dir='ltr'><strong>mandet,</strong></span> <span class='ocrx_word' id='word_1_92' title='bbox 703 1937 762 2033; x_wconf 93' lang='lat' dir='ltr'><strong>qui</strong></span> <span class='ocrx_word' id='word_1_93' title='bbox 784 1962 905 2032; x_wconf 86' lang='lat' dir='ltr'><strong>proca</strong></span> <span class='ocrx_word' id='word_1_94' title='bbox 928 1939 1053 2030; x_wconf 86' lang='lat' dir='ltr'><strong>saciat,</strong></span> <span class='ocrx_word' id='word_1_95' title='bbox 1076 1942 1199 2035; x_wconf 86' lang='lat' dir='ltr'><strong>injussu</strong></span> <span class='ocrx_word' id='word_1_96' title='bbox 1223 1946 1293 2018; x_wconf 73' lang='lat' dir='ltr'><strong>do«</strong></span> <span class='ocrx_word' id='word_1_97' title='bbox 1334 1949 1336 1952; x_wconf 68' lang='grc'>’</span> <span class='ocrx_word' id='word_1_98' title='bbox 1393 2022 1398 2033; x_wconf 65' lang='lat'>‚</span> 
     </span>
     <span class='ocr_line' id='line_1_14' title="bbox 317 2047 1291 2143; baseline 0.004 -20"><span class='ocrx_word' id='word_1_99' title='bbox 317 2050 404 2125; x_wconf 90' lang='lat' dir='ltr'><strong>mini</strong></span> <span class='ocrx_word' id='word_1_100' title='bbox 426 2068 484 2120; x_wconf 91' lang='lat' dir='ltr'><strong>aut</strong></span> <span class='ocrx_word' id='word_1_101' title='bbox 503 2047 663 2118; x_wconf 77' lang='lat' dir='ltr'><strong>dominae.</strong></span> <span class='ocrx_word' id='word_1_102' title='bbox 680 2047 774 2119; x_wconf 88' lang='lat' dir='ltr'><strong>Scito</strong></span> <span class='ocrx_word' id='word_1_103' title='bbox 792 2047 972 2119; x_wconf 90' lang='lat' dir='ltr'><strong>dominum</strong></span> <span class='ocrx_word' id='word_1_104' title='bbox 988 2074 1051 2143; x_wconf 91' lang='lat' dir='ltr'><strong>pro</strong></span> <span class='ocrx_word' id='word_1_105' title='bbox 1072 2068 1145 2123; x_wconf 90' lang='lat' dir='ltr'><strong>tota</strong></span> <span class='ocrx_word' id='word_1_106' title='bbox 1161 2053 1291 2130; x_wconf 86' lang='lat' dir='ltr'><strong>familia</strong></span> 
     </span>
     <span class='ocr_line' id='line_1_15' title="bbox 316 2154 1292 2238; baseline 0.003 -3"><span class='ocrx_word' id='word_1_107' title='bbox 316 2185 390 2235; x_wconf 82' lang='lat' dir='ltr'><strong>rem</strong></span> <span class='ocrx_word' id='word_1_108' title='bbox 410 2158 564 2232; x_wconf 87' lang='lat' dir='ltr'><strong>divinam</strong></span> <span class='ocrx_word' id='word_1_109' title='bbox 586 2155 705 2229; x_wconf 87' lang='lat' dir='ltr'><strong>facere.</strong></span> <span class='ocrx_word' id='word_1_110' title='bbox 720 2156 849 2228; x_wconf 90' lang='lat' dir='ltr'><strong>Munda</strong></span> <span class='ocrx_word' id='word_1_111' title='bbox 863 2156 933 2230; x_wconf 86' lang='lat' dir='ltr'><strong>fiet.</strong></span> <span class='ocrx_word' id='word_1_112' title='bbox 948 2157 1072 2230; x_wconf 82' lang='lat' dir='ltr'>Villam</span> <span class='ocrx_word' id='word_1_113' title='bbox 1087 2154 1292 2238; x_wconf 76' lang='lat' dir='ltr'><strong>conversam</strong></span> 
     </span>
     <span class='ocr_line' id='line_1_16' title="bbox 318 2266 1339 2365; baseline 0.001 -18"><span class='ocrx_word' id='word_1_114' title='bbox 318 2271 546 2365; x_wconf 85' lang='lat' dir='ltr'><strong>mundamque</strong></span> <span class='ocrx_word' id='word_1_115' title='bbox 568 2268 698 2342; x_wconf 85' lang='lat' dir='ltr'><strong>habeat.</strong></span> <span class='ocrx_word' id='word_1_116' title='bbox 725 2271 853 2340; x_wconf 89' lang='lat' dir='ltr'><strong>Focum</strong></span> <span class='ocrx_word' id='word_1_117' title='bbox 876 2292 997 2364; x_wconf 91' lang='lat' dir='ltr'><strong>putum</strong></span> <span class='ocrx_word' id='word_1_118' title='bbox 1023 2266 1293 2348; x_wconf 90' lang='lat' dir='ltr'><strong>circumversum</strong></span> <span class='ocrx_word' id='word_1_119' title='bbox 1337 2318 1339 2320; x_wconf 94' lang='lat'>·</span> 
     </span>
     <span class='ocr_line' id='line_1_17' title="bbox 319 2374 1352 2483; baseline -0.001 -27"><span class='ocrx_word' id='word_1_120' title='bbox 319 2382 494 2483; x_wconf 85' lang='lat' dir='ltr'><strong>quotidie,</strong></span> <span class='ocrx_word' id='word_1_121' title='bbox 510 2379 701 2476; x_wconf 86' lang='lat' dir='ltr'><strong>priusquam</strong></span> <span class='ocrx_word' id='word_1_122' title='bbox 716 2379 867 2451; x_wconf 90' lang='lat' dir='ltr'><strong>cubitum</strong></span> <span class='ocrx_word' id='word_1_123' title='bbox 883 2400 954 2471; x_wconf 89' lang='lat' dir='ltr'><strong>eat,</strong></span> <span class='ocrx_word' id='word_1_124' title='bbox 966 2379 1097 2453; x_wconf 87' lang='lat' dir='ltr'><strong>habeat.</strong></span> <span class='ocrx_word' id='word_1_125' title='bbox 1111 2381 1294 2477; x_wconf 85' lang='lat' dir='ltr'><strong>Kalendis,</strong></span> <span class='ocrx_word' id='word_1_126' title='bbox 1350 2374 1352 2379; x_wconf 38' lang='lat'><strong>¹</strong></span> 
     </span>
     <span class='ocr_line' id='line_1_18' title="bbox 321 2472 1308 2583; baseline 0.002 -15"><span class='ocrx_word' id='word_1_127' title='bbox 321 2495 460 2583; x_wconf 87' lang='lat' dir='ltr'><strong>Idibus,</strong></span> <span class='ocrx_word' id='word_1_128' title='bbox 481 2490 618 2579; x_wconf 91' lang='lat' dir='ltr'><strong>Nonis,</strong></span> <span class='ocrx_word' id='word_1_129' title='bbox 641 2489 742 2562; x_wconf 86' lang='lat' dir='ltr'><strong>sellus</strong></span> <span class='ocrx_word' id='word_1_130' title='bbox 760 2490 830 2562; x_wconf 90' lang='lat' dir='ltr'><strong>dies</strong></span> <span class='ocrx_word' id='word_1_131' title='bbox 855 2515 934 2564; x_wconf 92' lang='lat' dir='ltr'><strong>cum</strong></span> <span class='ocrx_word' id='word_1_132' title='bbox 958 2472 1045 2580; x_wconf 68' lang='lat' dir='ltr'><strong>eris,</strong></span> <span class='ocrx_word' id='word_1_133' title='bbox 1070 2517 1236 2567; x_wconf 88' lang='lat' dir='ltr'><strong>coronam</strong></span> <span class='ocrx_word' id='word_1_134' title='bbox 1253 2482 1308 2570; x_wconf 87' lang='lat' dir='ltr'><strong>in</strong></span> 
     </span>
     <span class='ocr_line' id='line_1_19' title="bbox 320 2601 1292 2701; baseline 0.001 -22"><span class='ocrx_word' id='word_1_135' title='bbox 320 2602 439 2678; x_wconf 82' lang='lat' dir='ltr'><strong>focum</strong></span> <span class='ocrx_word' id='word_1_136' title='bbox 454 2603 556 2674; x_wconf 89' lang='lat' dir='ltr'><strong>indat.</strong></span> <span class='ocrx_word' id='word_1_137' title='bbox 570 2603 633 2672; x_wconf 89' lang='lat' dir='ltr'><strong>Per</strong></span> <span class='ocrx_word' id='word_1_138' title='bbox 647 2602 851 2699; x_wconf 89' lang='lat' dir='ltr'><strong>eosdemque</strong></span> <span class='ocrx_word' id='word_1_139' title='bbox 865 2601 937 2674; x_wconf 88' lang='lat' dir='ltr'><strong>dies</strong></span> <span class='ocrx_word' id='word_1_140' title='bbox 954 2604 1031 2674; x_wconf 86' lang='lat' dir='ltr'><strong>Lari</strong></span> <span class='ocrx_word' id='word_1_141' title='bbox 1047 2602 1202 2678; x_wconf 85' lang='lat' dir='ltr'><strong>familiari</strong></span> <span class='ocrx_word' id='word_1_142' title='bbox 1225 2631 1292 2701; x_wconf 92' lang='lat' dir='ltr'><strong>pro</strong></span> 
     </span>
     <span class='ocr_line' id='line_1_20' title="bbox 321 2701 1312 2812; baseline 0 -21"><span class='ocrx_word' id='word_1_143' title='bbox 321 2717 435 2812; x_wconf 84' lang='lat' dir='ltr'><strong>copia·</strong></span> <span class='ocrx_word' id='word_1_144' title='bbox 445 2714 619 2811; x_wconf 86' lang='lat' dir='ltr'><strong>supplicet.</strong></span> <span class='ocrx_word' id='word_1_145' title='bbox 632 2714 756 2788; x_wconf 87' lang='lat' dir='ltr'><strong>Cibum</strong></span> <span class='ocrx_word' id='word_1_146' title='bbox 771 2713 831 2787; x_wconf 83' lang='lat' dir='ltr'><strong>ribi</strong></span> <span class='ocrx_word' id='word_1_147' title='bbox 847 2713 1035 2788; x_wconf 77' lang='lat' dir='ltr'><strong>&amp;familiae</strong></span> <span class='ocrx_word' id='word_1_148' title='bbox 1053 2735 1148 2788; x_wconf 88' lang='lat' dir='ltr'><strong>curet</strong></span> <span class='ocrx_word' id='word_1_149' title='bbox 1162 2715 1213 2787; x_wconf 90' lang='lat' dir='ltr'><strong>uti</strong></span> <span class='ocrx_word' id='word_1_150' title='bbox 1224 2701 1312 2791; x_wconf 66' lang='lat' dir='ltr'><strong>·co·‘</strong></span> 
     </span>
    </p>

    <p class='ocr_par' dir='ltr' id='par_1_3' title="bbox 246 2820 1410 3575">
     <span class='ocr_line' id='line_1_21' title="bbox 246 2820 1295 2921; baseline 0 -24"><span class='ocrx_word' id='word_1_151' title='bbox 246 2916 248 2921; x_wconf 23' lang='grc' dir='ltr'>Ι</span> <span class='ocrx_word' id='word_1_152' title='bbox 322 2825 414 2897; x_wconf 68' lang='lat' dir='ltr'><strong>&amp;um</strong></span> <span class='ocrx_word' id='word_1_153' title='bbox 430 2823 559 2894; x_wconf 89' lang='lat' dir='ltr'><strong>habeat.</strong></span> <span class='ocrx_word' id='word_1_154' title='bbox 574 2821 727 2894; x_wconf 85' lang='lat' dir='ltr'><strong>Gallinas</strong></span> <span class='ocrx_word' id='word_1_155' title='bbox 738 2823 859 2893; x_wconf 86' lang='lat' dir='ltr'><strong>multas</strong></span> <span class='ocrx_word' id='word_1_156' title='bbox 873 2823 912 2894; x_wconf 90' lang='lat'>&amp;</span> <span class='ocrx_word' id='word_1_157' title='bbox 925 2846 994 2892; x_wconf 91' lang='lat' dir='ltr'><strong>ova</strong></span> <span class='ocrx_word' id='word_1_158' title='bbox 1009 2820 1059 2891; x_wconf 89' lang='lat' dir='ltr'><strong>uti</strong></span> <span class='ocrx_word' id='word_1_159' title='bbox 1076 2823 1205 2895; x_wconf 83' lang='lat' dir='ltr'><strong>habeat.</strong></span> <span class='ocrx_word' id='word_1_160' title='bbox 1219 2824 1295 2898; x_wconf 82' lang='lat' dir='ltr'><strong>Pira</strong></span> 
     </span>
     <span class='ocr_line' id='line_1_22' title="bbox 322 2929 1410 3027; baseline -0.005 -21"><span class='ocrx_word' id='word_1_161' title='bbox 322 2931 436 3021; x_wconf 80' lang='lat' dir='ltr'><strong>arida,</strong></span> <span class='ocrx_word' id='word_1_162' title='bbox 459 2932 578 3022; x_wconf 90' lang='lat' dir='ltr'><strong>sorba,</strong></span> <span class='ocrx_word' id='word_1_163' title='bbox 593 2930 702 3019; x_wconf 87' lang='lat' dir='ltr'><strong>ficos,</strong></span> <span class='ocrx_word' id='word_1_164' title='bbox 723 2956 806 3003; x_wconf 90' lang='lat' dir='ltr'><strong>uvas</strong></span> <span class='ocrx_word' id='word_1_165' title='bbox 828 2932 955 3026; x_wconf 83' lang='lat' dir='ltr'><strong>pallas,</strong></span> <span class='ocrx_word' id='word_1_166' title='bbox 969 2929 1066 2999; x_wconf 88' lang='lat' dir='ltr'><strong>sorba</strong></span> <span class='ocrx_word' id='word_1_167' title='bbox 1088 2929 1124 2998; x_wconf 93' lang='lat' dir='ltr'><strong>in</strong></span> <span class='ocrx_word' id='word_1_168' title='bbox 1145 2933 1296 3025; x_wconf 66' lang='lat' dir='ltr'><strong>sapa-5&amp;</strong></span> <span class='ocrx_word' id='word_1_169' title='bbox 1407 3020 1410 3027; x_wconf 27' lang='grc' dir='ltr'>Ι</span> 
     </span>
     <span class='ocr_line' id='line_1_23' title="bbox 322 3037 1296 3143; baseline 0.001 -30"><span class='ocrx_word' id='word_1_170' title='bbox 322 3044 418 3143; x_wconf 87' lang='lat' dir='ltr'><strong>pira,</strong></span> <span class='ocrx_word' id='word_1_171' title='bbox 433 3043 471 3115; x_wconf 91' lang='lat'>&amp;</span> <span class='ocrx_word' id='word_1_172' title='bbox 492 3067 576 3113; x_wconf 90' lang='lat' dir='ltr'><strong>uvas</strong></span> <span class='ocrx_word' id='word_1_173' title='bbox 595 3044 631 3113; x_wconf 92' lang='lat' dir='ltr'><strong>in</strong></span> <span class='ocrx_word' id='word_1_174' title='bbox 651 3041 773 3130; x_wconf 85' lang='lat' dir='ltr'><strong>doliis,</strong></span> <span class='ocrx_word' id='word_1_175' title='bbox 796 3043 835 3115; x_wconf 91' lang='lat'><strong>&amp;</strong></span> <span class='ocrx_word' id='word_1_176' title='bbox 855 3039 941 3110; x_wconf 85' lang='lat' dir='ltr'><strong>mala</strong></span> <span class='ocrx_word' id='word_1_177' title='bbox 965 3037 1120 3110; x_wconf 86' lang='lat' dir='ltr'><strong>struthea.</strong></span> <span class='ocrx_word' id='word_1_178' title='bbox 1140 3043 1235 3112; x_wconf 87' lang='lat' dir='ltr'><strong>Uvas</strong></span> <span class='ocrx_word' id='word_1_179' title='bbox 1257 3040 1296 3115; x_wconf 87' lang='lat' dir='ltr'><strong>in</strong></span> 
     </span>
     <span class='ocr_line' id='line_1_24' title="bbox 323 3148 1296 3242; baseline -0.008 -10"><span class='ocrx_word' id='word_1_180' title='bbox 323 3153 503 3242; x_wconf 82' lang='lat' dir='ltr'><strong>vinaceis,</strong></span> <span class='ocrx_word' id='word_1_181' title='bbox 525 3157 564 3227; x_wconf 74' lang='grc' dir='ltr'><strong>δι</strong></span> <span class='ocrx_word' id='word_1_182' title='bbox 577 3154 612 3225; x_wconf 92' lang='lat' dir='ltr'><strong>in</strong></span> <span class='ocrx_word' id='word_1_183' title='bbox 630 3151 763 3241; x_wconf 90' lang='lat' dir='ltr'><strong>urceis,</strong></span> <span class='ocrx_word' id='word_1_184' title='bbox 785 3150 820 3223; x_wconf 90' lang='lat' dir='ltr'><strong>in</strong></span> <span class='ocrx_word' id='word_1_185' title='bbox 841 3170 930 3220; x_wconf 85' lang='lat' dir='ltr'><strong>terra</strong></span> <span class='ocrx_word' id='word_1_186' title='bbox 949 3148 1098 3221; x_wconf 86' lang='lat' dir='ltr'><strong>obrutas.</strong></span> <span class='ocrx_word' id='word_1_187' title='bbox 1126 3153 1168 3221; x_wconf 86' lang='lat' dir='ltr'><strong>Et</strong></span> <span class='ocrx_word' id='word_1_188' title='bbox 1191 3174 1296 3224; x_wconf 84' lang='lat' dir='ltr'><strong>nuces</strong></span> 
     </span>
     <span class='ocr_line' id='line_1_25' title="bbox 325 3259 1406 3340; baseline -0.006 -3"><span class='ocrx_word' id='word_1_189' title='bbox 325 3263 545 3340; x_wconf 82' lang='lat' dir='ltr'><strong>Praenestinas</strong></span> <span class='ocrx_word' id='word_1_190' title='bbox 564 3283 714 3338; x_wconf 87' lang='lat' dir='ltr'><strong>recentes</strong></span> <span class='ocrx_word' id='word_1_191' title='bbox 735 3261 771 3335; x_wconf 94' lang='lat' dir='ltr'><strong>in</strong></span> <span class='ocrx_word' id='word_1_192' title='bbox 789 3284 895 3332; x_wconf 87' lang='lat' dir='ltr'><strong>urceo</strong></span> <span class='ocrx_word' id='word_1_193' title='bbox 910 3260 944 3332; x_wconf 93' lang='lat' dir='ltr'><strong>in</strong></span> <span class='ocrx_word' id='word_1_194' title='bbox 965 3278 1053 3331; x_wconf 90' lang='lat' dir='ltr'><strong>terra</strong></span> <span class='ocrx_word' id='word_1_195' title='bbox 1072 3259 1212 3332; x_wconf 86' lang='lat' dir='ltr'><strong>obrutas</strong></span> <span class='ocrx_word' id='word_1_196' title='bbox 1232 3262 1297 3332; x_wconf 89' lang='lat' dir='ltr'><strong>ha·</strong></span> <span class='ocrx_word' id='word_1_197' title='bbox 1404 3280 1406 3285; x_wconf 89' lang='grc'><strong><em>·</em></strong></span> 
     </span>
     <span class='ocr_line' id='line_1_26' title="bbox 326 3360 1318 3466; baseline -0.005 -18"><span class='ocrx_word' id='word_1_198' title='bbox 326 3375 416 3448; x_wconf 87' lang='lat' dir='ltr'><strong>beat.</strong></span> <span class='ocrx_word' id='word_1_199' title='bbox 435 3373 526 3446; x_wconf 90' lang='lat' dir='ltr'><strong>Mala</strong></span> <span class='ocrx_word' id='word_1_200' title='bbox 547 3360 726 3446; x_wconf 86' lang='lat' dir='ltr'><strong>Scantiana</strong></span> <span class='ocrx_word' id='word_1_201' title='bbox 747 3374 782 3446; x_wconf 89' lang='lat' dir='ltr'><strong>in</strong></span> <span class='ocrx_word' id='word_1_202' title='bbox 800 3371 902 3449; x_wconf 86' lang='lat' dir='ltr'><strong>doliis</strong></span> <span class='ocrx_word' id='word_1_203' title='bbox 916 3420 928 3456; x_wconf 90' lang='lat'><strong>,</strong></span> <span class='ocrx_word' id='word_1_204' title='bbox 944 3371 980 3442; x_wconf 79' lang='grc' dir='ltr'><strong>δι</strong></span> <span class='ocrx_word' id='word_1_205' title='bbox 994 3368 1081 3455; x_wconf 90' lang='lat' dir='ltr'><strong>alia,</strong></span> <span class='ocrx_word' id='word_1_206' title='bbox 1098 3397 1176 3466; x_wconf 85' lang='lat' dir='ltr'><strong>quae</strong></span> <span class='ocrx_word' id='word_1_207' title='bbox 1191 3366 1296 3451; x_wconf 77' lang='lat' dir='ltr'><strong>condi</strong></span> <span class='ocrx_word' id='word_1_208' title='bbox 1316 3411 1318 3413; x_wconf 54' lang='lat'>&gt;</span> 
     </span>
     <span class='ocr_line' id='line_1_27' title="bbox 327 3478 1298 3575; baseline -0.005 -16"><span class='ocrx_word' id='word_1_209' title='bbox 327 3485 459 3571; x_wconf 89' lang='lat' dir='ltr'><strong>solent,</strong></span> <span class='ocrx_word' id='word_1_210' title='bbox 480 3489 517 3558; x_wconf 88' lang='lat'>&amp;</span> <span class='ocrx_word' id='word_1_211' title='bbox 539 3483 698 3556; x_wconf 77' lang='lat' dir='ltr'><strong>silvatica.</strong></span> <span class='ocrx_word' id='word_1_212' title='bbox 715 3483 798 3551; x_wconf 80' lang='lat' dir='ltr'><strong>Isaec</strong></span> <span class='ocrx_word' id='word_1_213' title='bbox 816 3478 933 3549; x_wconf 88' lang='lat' dir='ltr'><strong>omnia</strong></span> <span class='ocrx_word' id='word_1_214' title='bbox 948 3479 1133 3572; x_wconf 87' lang='lat' dir='ltr'><strong>quotannis</strong></span> <span class='ocrx_word' id='word_1_215' title='bbox 1153 3478 1298 3575; x_wconf 78' lang='lat' dir='ltr'><strong>diligen-1</strong></span> 
     </span>
    </p>

    <p class='ocr_par' dir='ltr' id='par_1_4' title="bbox 264 3570 1322 3784">
     <span class='ocr_line' id='line_1_28' title="bbox 264 3570 1297 3678; baseline -0.012 -9"><span class='ocrx_word' id='word_1_216' title='bbox 264 3594 267 3599; x_wconf 45' lang='lat'><em>⁴</em></span> <span class='ocrx_word' id='word_1_217' title='bbox 329 3613 382 3668; x_wconf 88' lang='lat' dir='ltr'><strong>ter</strong></span> <span class='ocrx_word' id='word_1_218' title='bbox 395 3595 444 3666; x_wconf 93' lang='lat' dir='ltr'><strong>uti</strong></span> <span class='ocrx_word' id='word_1_219' title='bbox 466 3594 605 3668; x_wconf 88' lang='lat' dir='ltr'><strong>condita</strong></span> <span class='ocrx_word' id='word_1_220' title='bbox 623 3592 751 3664; x_wconf 86' lang='lat' dir='ltr'><strong>habeat.</strong></span> <span class='ocrx_word' id='word_1_221' title='bbox 767 3585 922 3672; x_wconf 84' lang='lat' dir='ltr'><strong>Farinam</strong></span> <span class='ocrx_word' id='word_1_222' title='bbox 935 3570 1135 3678; x_wconf 77' lang='lat' dir='ltr'><strong>bonam,&#39;&amp;</strong></span> <span class='ocrx_word' id='word_1_223' title='bbox 1154 3586 1204 3658; x_wconf 89' lang='lat' dir='ltr'><strong>sar</strong></span> <span class='ocrx_word' id='word_1_224' title='bbox 1219 3587 1297 3667; x_wconf 72' lang='lat' dir='ltr'><strong>sub-g</strong></span> 
     </span>
     <span class='ocr_line' id='line_1_29' title="bbox 328 3702 1322 3784; baseline -0.004 -10"><span class='ocrx_word' id='word_1_225' title='bbox 328 3703 388 3776; x_wconf 87' lang='lat' dir='ltr'><strong>tile</strong></span> <span class='ocrx_word' id='word_1_226' title='bbox 408 3704 490 3776; x_wconf 87' lang='lat' dir='ltr'><strong>sciat-</strong></span> <span class='ocrx_word' id='word_1_227' title='bbox 512 3702 631 3774; x_wconf 88' lang='lat' dir='ltr'><strong>facere.</strong></span> <span class='ocrx_word' id='word_1_228' title='bbox 1320 3781 1322 3784; x_wconf 80' lang='lat'><strong>.</strong></span> 
     </span>
    </p>

    <p class='ocr_par' dir='ltr' id='par_1_5' title="bbox 329 3798 1299 4022">
     <span class='ocr_line' id='line_1_30' title="bbox 377 3798 1299 3909; baseline -0.001 -21"><span class='ocrx_word' id='word_1_229' title='bbox 377 3817 530 3888; x_wconf 83' lang='lat' dir='ltr'><strong>CXLIV.</strong></span> <span class='ocrx_word' id='word_1_230' title='bbox 544 3813 664 3885; x_wconf 89' lang='lat' dir='ltr'><strong>Oleam</strong></span> <span class='ocrx_word' id='word_1_231' title='bbox 678 3810 854 3909; x_wconf 84' lang='lat' dir='ltr'><strong>legendam</strong></span> <span class='ocrx_word' id='word_1_232' title='bbox 864 3798 938 3884; x_wconf 86' lang='lat' dir='ltr'><strong>hoo</strong></span> <span class='ocrx_word' id='word_1_233' title='bbox 947 3809 1053 3885; x_wconf 91' lang='lat' dir='ltr'><strong>modo</strong></span> <span class='ocrx_word' id='word_1_234' title='bbox 1065 3809 1179 3884; x_wconf 88' lang='lat' dir='ltr'><strong>locate</strong></span> <span class='ocrx_word' id='word_1_235' title='bbox 1191 3831 1299 3903; x_wconf 52' lang='lat' dir='ltr'><strong>,opors</strong></span> 
     </span>
     <span class='ocr_line' id='line_1_31' title="bbox 329 3920 1296 4022; baseline -0.002 -28"><span class='ocrx_word' id='word_1_236' title='bbox 329 3939 390 3994; x_wconf 87' lang='lat' dir='ltr'><strong>tet.</strong></span> <span class='ocrx_word' id='word_1_237' title='bbox 412 3923 533 3996; x_wconf 90' lang='lat' dir='ltr'><strong>Oleam</strong></span> <span class='ocrx_word' id='word_1_238' title='bbox 556 3925 675 4022; x_wconf 85' lang='lat' dir='ltr'><strong>cogito</strong></span> <span class='ocrx_word' id='word_1_239' title='bbox 697 3923 784 3995; x_wconf 74' lang='lat' dir='ltr'><strong>resle</strong></span> <span class='ocrx_word' id='word_1_240' title='bbox 807 3948 945 3996; x_wconf 89' lang='lat' dir='ltr'><strong>omnem</strong></span> <span class='ocrx_word' id='word_1_241' title='bbox 961 3924 1123 3996; x_wconf 87' lang='lat' dir='ltr'><strong>arbitratu</strong></span> <span class='ocrx_word' id='word_1_242' title='bbox 1141 3920 1296 4014; x_wconf 74' lang='lat' dir='ltr'><strong>domini,¹</strong></span> 
     </span>
    </p>
   </div>
   <div class='ocr_carea' id='block_1_3' title="bbox 331 4030 1455 4218">
    <p class='ocr_par' dir='ltr' id='par_1_6' title="bbox 331 4030 1455 4218">
     <span class='ocr_line' id='line_1_32' title="bbox 331 4030 1455 4143; baseline 0.004 -39"><span class='ocrx_word' id='word_1_243' title='bbox 331 4048 391 4104; x_wconf 88' lang='lat' dir='ltr'><strong>aut</strong></span> <span class='ocrx_word' id='word_1_244' title='bbox 414 4055 515 4129; x_wconf 88' lang='lat' dir='ltr'><strong>quern</strong></span> <span class='ocrx_word' id='word_1_245' title='bbox 526 4032 703 4112; x_wconf 77' lang='lat' dir='ltr'><strong>custodem</strong></span> <span class='ocrx_word' id='word_1_246' title='bbox 726 4030 870 4124; x_wconf 85' lang='lat' dir='ltr'><strong>sccctit,</strong></span> <span class='ocrx_word' id='word_1_247' title='bbox 883 4052 951 4115; x_wconf 36' lang='lat' dir='ltr'><strong>,aut</strong></span> <span class='ocrx_word' id='word_1_248' title='bbox 972 4032 1028 4110; x_wconf 84' lang='lat' dir='ltr'><strong>cui</strong></span> <span class='ocrx_word' id='word_1_249' title='bbox 1048 4031 1124 4105; x_wconf 89' lang='lat' dir='ltr'><strong>olea</strong></span> <span class='ocrx_word' id='word_1_250' title='bbox 1140 4032 1298 4113; x_wconf 88' lang='lat' dir='ltr'><strong>venierit.</strong></span> <span class='ocrx_word' id='word_1_251' title='bbox 1343 4134 1347 4143; x_wconf 24' lang='grc'>1</span> <span class='ocrx_word' id='word_1_252' title='bbox 1453 4118 1455 4125; x_wconf 53' lang='grc'>,</span> 
     </span>
     <span class='ocr_line' id='line_1_33' title="bbox 1017 4143 1108 4218; baseline 0 0"><span class='ocrx_word' id='word_1_253' title='bbox 1017 4143 1061 4218; x_wconf 80' lang='lat' dir='ltr'>E</span> <span class='ocrx_word' id='word_1_254' title='bbox 1086 4167 1108 4218; x_wconf 78' lang='lat' dir='ltr'><strong>a</strong></span> 
     </span>
    </p>
   </div>
   <div class='ocr_carea' id='block_1_4' title="bbox 1456 1054 1463 1087">
    <p class='ocr_par' dir='ltr' id='par_1_7' title="bbox 1456 1054 1463 1087">
     <span class='ocr_line' id='line_1_34' title="bbox 1456 1054 1463 1087; baseline 0 0"><span class='ocrx_word' id='word_1_255' title='bbox 1456 1054 1463 1087; x_wconf 87' lang='lat' dir='ltr'><strong>I</strong></span> 
     </span>
    </p>
   </div>
   <div class='ocr_carea' id='block_1_5' title="bbox 0 0 1786 5084">
    <p class='ocr_par' dir='ltr' id='par_1_8' title="bbox 0 0 1786 5084">
     <span class='ocr_line' id='line_1_35' title="bbox 0 0 1786 5084; baseline 0 0"><span class='ocrx_word' id='word_1_256' title='bbox 0 0 1786 5084; x_wconf 95' lang='lat' dir='ltr'><strong> </strong></span> 
     </span>
    </p>
   </div>
  </div>
 </body>
</html>
