3509 5084
399 556 401 560 ’
480 568 555 639 na
581 564 649 636 aa
672 561 931 635 austrea
957 565 1053 635 tta.
1079 565 1105 634 1.
1205 576 1276 661 na

319 728 463 801 uarietas
478 753 589 799 rerum
608 722 851 805 consuetudine
863 719 1035 799 celerrima
1048 723 1089 794 ad
1102 721 1281 798 utilitatem

319 837 463 911 adducit.
492 838 611 931 Neque
638 832 870 928 pertinaciter,
892 857 992 928 quent
1020 832 1139 906 feceris
1164 834 1283 905 dexte·

317 972 392 1017 rum
404 998 415 1030 ,
429 947 524 1015 ineo
540 944 754 1017 manendum.
777 943 885 1035 Quod
899 942 921 1013 fi
938 942 1074 1017 alternis
1087 940 1124 1011 fit
1138 941 1283 1033 finiller,

317 1054 356 1127 fit
383 1055 549 1137 laboranti
572 1054 607 1125 in
633 1053 790 1125 alterutra
816 1072 908 1146 parte
933 1054 1076 1149 requies.
1102 1052 1171 1125 Ubi
1195 1073 1285 1126 terra

317 1166 426 1251 levis,
442 1185 479 1236 ut
492 1165 525 1235 in
539 1164 743 1259 Campania,
758 1163 805 1235 ibi
820 1187 892 1233 non
912 1163 1215 1260 bubus-gravibus,
1228 1160 1287 1233 sed

318 1275 429 1348 vaccis
442 1292 500 1346 aut
517 1274 612 1345 asinis
630 1276 724 1369 quod
739 1294 852 1358 arant,
869 1299 912 1346 eo
927 1273 1058 1347 facilius
1077 1275 1119 1346 ad
1139 1293 1286 1345 aratrum

319 1382 397 1455 leve
423 1381 543 1455 adduci
567 1382 725 1477 poliunt,
743 1384 786 1457 ad
808 1382 936 1469 molaS,
957 1386 994 1457 ὅ(
1016 1383 1058 1455 ad
1079 1406 1139 1468 ea,
1163 1382 1184 1451 st
1208 1405 1286 1475 quae

320 1494 415 1581 lunt,
439 1520 513 1589 quae
539 1493 574 1564 in
601 1493 707 1565 fundo
736 1497 989 1569 convehuntur.
1014 1499 1051 1567 ln
1076 1520 1141 1591 qua
1166 1518 1201 1566 te
1225 1492 1285 1568 alii

320 1603 448 1690 asellis,
463 1602 518 1672 alii
542 1602 654 1675 vaccis
674 1628 716 1677 ac
731 1603 830 1683 mulis
853 1623 1015 1695 utuntur,
1030 1603 1153 1676 exinde
1173 1619 1211 1674 ut
1227 1627 1288 1697 pa·¹

321 1713 391 1785 buli
414 1710 547 1783 facultas
570 1710 626 1782 est.
653 1736 729 1785 narn
751 1711 883 1785 facilius
905 1713 1039 1801 asellus,
1060 1738 1161 1805 quam
1179 1737 1286 1785 vacca

319 1817 439 1901 alitur;
456 1818 512 1889 led
524 1816 729 1891 frulluostor
742 1814 827 1891 haec.
845 1824 882 1893 lo
898 1847 941 1894 eo
957 1822 1114 1919 agricolae
1130 1819 1287 1915 hoc-spe·

320 1924 499 2011 claudum,
524 1950 594 2016 quo
622 1923 753 2020 falligio
787 1925 826 1998 stt
854 1925 1051 2000 fundusin
1077 1926 1286 2022 confragoso

322 2034 411 2103 eninr
426 2058 465 2105 ac
484 2033 615 2105 difficili
637 2033 711 2105 baec
731 2033 920 2105 valentiora
945 2034 1149 2129 parandum,
1162 2036 1199 2106 δι
1218 2056 1287 2128 po-.

253 2222 256 2227 ¹
319 2141 388 2214 tius
411 2167 467 2229 ea,
492 2169 568 2240 quae
596 2141 839 2238 plusltullunt
866 2145 1006 2219 reddere
1035 2144 1180 2242 pollinr,
1206 2168 1287 2218 cunr

319 2249 408 2323 idem
433 2252 546 2348 operis
567 2251 705 2326 saciant.
1107 2284 1125 2323 r·

359 2362 465 2434 'XXL
486 2363 595 2435 Canes
611 2361 727 2458 potius
753 2386 830 2441 curn
844 2361 1023 2461 dignitate,
1035 2364 1187 2437 &actes
1202 2378 1288 2458 paui

319 2493 391 2543 cos,
412 2469 627 2567 habendum,
648 2496 750 2568 quam
779 2471 917 2546 multos.
943 2496 1031 2569 quos
1056 2470 1287 2547 consuefacias

320 2577 440 2673 potius
459 2580 561 2653 nollu
577 2579 737 2677 vigilare,
756 2582 793 2654 &
816 2580 962 2667 interdiu
983 2581 1112 2656 clausos
1128 2582 1306 2663 dormire:-

322 2690 378 2763 De
404 2687 578 2762 indomitis
603 2690 896 2791 quadrupedibus,
925 2718 972 2767 ac.
990 2716 1115 2789 pecore
1141 2690 1288 2781 [faciunae¹

322 2801 427 2890 dum]
452 2802 486 2874 Si
503 2822 594 2896 prata
611 2801 687 2873 lunt
704 2804 739 2875 in
757 2800 887 2887 fundo,
907 2826 1017 2897 neque
1035 2824 1140 2895 pecus
1164 2799 1288 2890 habet,

280 2923 283 2929 '
324 2909 432 2981 danda
448 2935 580 3007 opera,
594 2927 632 2982 ut
651 2910 776 3004 pabulo
793 2909 959 2997 vendito,
977 2908 1122 2979 alienum
1134 2930 1237 3001 pecus
1251 2906 1289 2980 in

324 3016 383 3091 luo
397 3017 505 3091 fundo
519 3018 630 3116 pascat
648 3042 688 3089 ac
708 3017 859 3089 stabulet.

371 3129 482 3201 ΧΧΙΙ.
496 3130 551 3200 De
566 3126 696 3223 reliquo
717 3125 938 3198 instrumento
952 3140 1064 3215 muto,
1077 3124 1114 3197 in
1127 3148 1202 3221 quo·
1212 3123 1290 3199 sunt

326 3236 498 3327 corbulae,
512 3237 550 3308 δι
567 3235 679 3326 dolia,
699 3237 736 3309 δι
749 3234 835 3325 alia,
851 3235 923 3309 haec
946 3233 1180 3331 praecipienda.
1197 3236 1289 3325 Quae

325 3343 417 3415 nasci
442 3343 478 3414 in
509 3344 641 3433 fundo,
667 3371 707 3419 ac
736 3344 808 3417 fieri
840 3343 1076 3418 adornellicis
1105 3359 1291 3438 poterunt,

325 3473 447 3522 eorum
467 3473 508 3520 ne
528 3449 610 3544 quid
631 3471 784 3538 ematur,
798 3468 833 3519 ιιι
848 3449 917 3520 fere
931 3449 1024 3535 sunt,
1038 3475 1115 3544 quae
1130 3475 1172 3521 ex
1188 3449 1289 3521 vinti·

325 3562 425 3635 nibus
444 3561 482 3634 δι
505 3562 639 3633 materia
663 3562 781 3633 rustica
798 3557 903 3646 fiunt,
917 3575 956 3629 ut
981 3558 1120 3646 corbes,
1137 3558 1262 3632 filcinae
1275 3589 1295 3647 ,·

325 3673 471 3761 tribula,
485 3670 616 3759 mallei,
630 3671 761 3745 rastelli.
782 3671 837 3744 Sic
860 3695 939 3766 quae
954 3666 1038 3741 fiunt
1056 3669 1097 3741 de
1120 3667 1289 3758 cannabi,

326 3781 421 3869 lino,
436 3780 561 3873 junco,
576 3780 702 3875 palma,
716 3780 851 3876 scirpo,
870 3796 908 3851 ut
928 3776 1046 3866 funes,
1059 3777 1179 3863 telles,
1194 3798 1289 3871 tege·

329 3909 389 3961 tes.
411 3894 501 3984 Quae
521 3916 539 3962 e
561 3890 669 3963 fundo
687 3890 771 3961 lurni
796 3914 867 3963 non
889 3905 1070 3984 poterunt,
1091 3910 1129 3958 ea
1151 3886 1175 3956 st
1197 3909 1288 3958 emta

329 4016 426 4077 erunt
439 3999 557 4098 potius
577 4000 620 4075 ad
641 3998 835 4093 utilitatem,
850 4023 952 4098 quam
964 3999 1010 4075 ob
1023 3994 1183 4094 speciem,
1196 3992 1287 4081 luntq
