<?xml version="1.0" encoding="UTF-8"?>
<!DOCTYPE html PUBLIC "-//W3C//DTD XHTML 1.0 Transitional//EN"
    "http://www.w3.org/TR/xhtml1/DTD/xhtml1-transitional.dtd">
<html xmlns="http://www.w3.org/1999/xhtml" xml:lang="en" lang="en">
 <head>
  <title>
</title>
<meta http-equiv="Content-Type" content="text/html;charset=utf-8" />
  <meta name='ocr-system' content='tesseract 3.04.00' />
  <meta name='ocr-capabilities' content='ocr_page ocr_carea ocr_par ocr_line ocrx_word'/>
</head>
<body>
  <div class='ocr_page' id='page_1' title='image "./scriptoresreiru02gesngoog_0133.png"; bbox 0 0 3509 5084; ppageno 0'>
   <div class='ocr_carea' id='block_1_1' title="bbox 1146 572 1411 634">
    <p class='ocr_par' dir='ltr' id='par_1_1' title="bbox 1146 572 1411 634">
     <span class='ocr_line' id='line_1_1' title="bbox 1146 572 1411 634; baseline -0.004 -10"><span class='ocrx_word' id='word_1_1' title='bbox 1146 572 1288 634; x_wconf 76' lang='lat' dir='ltr'>CXXVM</span> <span class='ocrx_word' id='word_1_2' title='bbox 1408 594 1411 599; x_wconf 91' lang='lat'>·</span> 
     </span>
    </p>
   </div>
   <div class='ocr_carea' id='block_1_2' title="bbox 404 728 1446 908">
    <p class='ocr_par' dir='ltr' id='par_1_2' title="bbox 404 728 1446 908">
     <span class='ocr_line' id='line_1_2' title="bbox 404 728 1446 908; baseline -0.005 -16"><span class='ocrx_word' id='word_1_3' title='bbox 404 799 764 908; x_wconf 73' lang='lat' dir='ltr'>,cummuni</span> <span class='ocrx_word' id='word_1_4' title='bbox 790 800 1181 889; x_wconf 70' lang='lat' dir='ltr'>senonicum</span> <span class='ocrx_word' id='word_1_5' title='bbox 1277 880 1282 898; x_wconf 70' lang='grc'>,,</span> <span class='ocrx_word' id='word_1_6' title='bbox 1349 778 1364 807; x_wconf 84' lang='lat'><strong><em>‘</em></strong></span> <span class='ocrx_word' id='word_1_7' title='bbox 1444 728 1446 736; x_wconf 29' lang='lat'><strong>¹</strong></span> 
     </span>
    </p>
   </div>
   <div class='ocr_carea' id='block_1_3' title="bbox 783 1018 854 1081">
    <p class='ocr_par' dir='ltr' id='par_1_3' title="bbox 783 1018 854 1081">
     <span class='ocr_line' id='line_1_3' title="bbox 783 1018 854 1081; baseline 0.014 -1"><span class='ocrx_word' id='word_1_8' title='bbox 783 1018 854 1081; x_wconf 89' lang='lat' dir='ltr'>DE</span> 
     </span>
    </p>
   </div>
   <div class='ocr_carea' id='block_1_4' title="bbox 293 1187 1430 1371">
    <p class='ocr_par' dir='ltr' id='par_1_4' title="bbox 293 1187 1430 1371">
     <span class='ocr_line' id='line_1_4' title="bbox 293 1187 1430 1371; baseline 0 -18"><span class='ocrx_word' id='word_1_9' title='bbox 293 1232 796 1371; x_wconf 6' lang='lat' dir='ltr'>‘GARGILIO</span> <span class='ocrx_word' id='word_1_10' title='bbox 837 1235 1291 1353; x_wconf 66' lang='lat' dir='ltr'>naumain</span> <span class='ocrx_word' id='word_1_11' title='bbox 1427 1187 1430 1193; x_wconf 75' lang='grc'><strong>’</strong></span> 
     </span>
    </p>
   </div>
   <div class='ocr_carea' id='block_1_5' title="bbox 514 1493 1116 1573">
    <p class='ocr_par' dir='ltr' id='par_1_5' title="bbox 514 1493 1116 1573">
     <span class='ocr_line' id='line_1_5' title="bbox 514 1493 1116 1573; baseline 0.01 -7"><span class='ocrx_word' id='word_1_12' title='bbox 514 1493 704 1567; x_wconf 86' lang='lat' dir='ltr'>BREVlS</span> <span class='ocrx_word' id='word_1_13' title='bbox 729 1493 1116 1573; x_wconf 86' lang='lat' dir='ltr'><strong>DISSERTATIO.</strong></span> 
     </span>
    </p>
   </div>
   <div class='ocr_carea' id='block_1_6' title="bbox 684 1855 960 1949">
    <p class='ocr_par' dir='ltr' id='par_1_6' title="bbox 684 1855 960 1949">
     <span class='ocr_line' id='line_1_6' title="bbox 684 1855 960 1949; baseline 0.007 -23"><span class='ocrx_word' id='word_1_14' title='bbox 684 1858 782 1926; x_wconf 85' lang='lat' dir='ltr'>AEtas</span> <span class='ocrx_word' id='word_1_15' title='bbox 807 1855 960 1949; x_wconf 77' lang='lat' dir='ltr'>Gargilii.</span> 
     </span>
    </p>
   </div>
   <div class='ocr_carea' id='block_1_7' title="bbox 337 1943 1500 3997">
    <p class='ocr_par' dir='ltr' id='par_1_7' title="bbox 337 1943 1322 3015">
     <span class='ocr_line' id='line_1_7' title="bbox 341 1943 1294 2144; baseline 0.003 -23"><span class='ocrx_word' id='word_1_16' title='bbox 341 1943 624 2143; x_wconf 42' lang='lat' dir='ltr'>Gemmeus</span> <span class='ocrx_word' id='word_1_17' title='bbox 657 2045 821 2120; x_wconf 82' lang='lat' dir='ltr'>Martialis</span> <span class='ocrx_word' id='word_1_18' title='bbox 852 2073 924 2144; x_wconf 90' lang='lat' dir='ltr'>quo</span> <span class='ocrx_word' id='word_1_19' title='bbox 954 2072 1109 2144; x_wconf 88' lang='lat' dir='ltr'>tempore</span> <span class='ocrx_word' id='word_1_20' title='bbox 1140 2049 1294 2144; x_wconf 74' lang='lat' dir='ltr'>vixerit,</span> 
     </span>
     <span class='ocr_line' id='line_1_8' title="bbox 337 2149 1296 2260; baseline 0.007 -32"><span class='ocrx_word' id='word_1_21' title='bbox 337 2157 443 2228; x_wconf 89' lang='lat' dir='ltr'>docet</span> <span class='ocrx_word' id='word_1_22' title='bbox 457 2158 663 2253; x_wconf 83' lang='lat' dir='ltr'>Lampridius</span> <span class='ocrx_word' id='word_1_23' title='bbox 684 2158 720 2229; x_wconf 93' lang='lat' dir='ltr'>in</span> <span class='ocrx_word' id='word_1_24' title='bbox 740 2149 934 2232; x_wconf 76' lang='lat' dir='ltr'>Alexandro</span> <span class='ocrx_word' id='word_1_25' title='bbox 956 2159 1087 2233; x_wconf 86' lang='lat' dir='ltr'>Severo</span> <span class='ocrx_word' id='word_1_26' title='bbox 1105 2187 1136 2234; x_wconf 86' lang='lat' dir='ltr'>c.</span> <span class='ocrx_word' id='word_1_27' title='bbox 1158 2185 1217 2256; x_wconf 82' lang='lat'>37,</span> <span class='ocrx_word' id='word_1_28' title='bbox 1236 2165 1296 2260; x_wconf 89' lang='lat' dir='ltr'>qui</span> 
     </span>
     <span class='ocr_line' id='line_1_9' title="bbox 337 2261 1297 2359; baseline 0.005 -28"><span class='ocrx_word' id='word_1_29' title='bbox 337 2261 412 2349; x_wconf 83' lang='lat' dir='ltr'>ejus</span> <span class='ocrx_word' id='word_1_30' title='bbox 432 2265 576 2354; x_wconf 81' lang='lat' dir='ltr'>temporis</span> <span class='ocrx_word' id='word_1_31' title='bbox 588 2265 768 2358; x_wconf 79' lang='lat' dir='ltr'><em>scriptorem</em></span> <span class='ocrx_word' id='word_1_32' title='bbox 789 2281 915 2353; x_wconf 85' lang='lat' dir='ltr'>vocat,</span> <span class='ocrx_word' id='word_1_33' title='bbox 934 2265 1102 2359; x_wconf 82' lang='lat' dir='ltr'><strong>Vopiscus</strong></span> <span class='ocrx_word' id='word_1_34' title='bbox 1126 2273 1236 2337; x_wconf 87' lang='lat' dir='ltr'>au&#39;tem</span> <span class='ocrx_word' id='word_1_35' title='bbox 1261 2267 1297 2336; x_wconf 91' lang='lat' dir='ltr'>in</span> 
     </span>
     <span class='ocr_line' id='line_1_10' title="bbox 337 2369 1299 2468; baseline 0.007 -30"><span class='ocrx_word' id='word_1_36' title='bbox 337 2369 459 2439; x_wconf 89' lang='lat' dir='ltr'>Probo</span> <span class='ocrx_word' id='word_1_37' title='bbox 485 2395 516 2442; x_wconf 87' lang='lat' dir='ltr'>c.</span> <span class='ocrx_word' id='word_1_38' title='bbox 537 2393 579 2458; x_wconf 88' lang='lat'>2,</span> <span class='ocrx_word' id='word_1_39' title='bbox 593 2371 680 2442; x_wconf 91' lang='lat' dir='ltr'>inter</span> <span class='ocrx_word' id='word_1_40' title='bbox 702 2369 902 2443; x_wconf 87' lang='lat' dir='ltr'>Suetonium</span> <span class='ocrx_word' id='word_1_41' title='bbox 926 2373 1163 2468; x_wconf 85' lang='lat' dir='ltr'>Tranquillum</span> <span class='ocrx_word' id='word_1_42' title='bbox 1181 2376 1219 2447; x_wconf 77' lang='grc' dir='ltr'>δι</span> <span class='ocrx_word' id='word_1_43' title='bbox 1241 2377 1299 2448; x_wconf 89' lang='lat' dir='ltr'>Ju-</span> 
     </span>
     <span class='ocr_line' id='line_1_11' title="bbox 338 2477 1299 2580; baseline 0.008 -32"><span class='ocrx_word' id='word_1_44' title='bbox 338 2477 425 2549; x_wconf 89' lang='lat' dir='ltr'>lium</span> <span class='ocrx_word' id='word_1_45' title='bbox 436 2477 671 2571; x_wconf 81' lang='lat' dir='ltr'>¹Capitolinum</span> <span class='ocrx_word' id='word_1_46' title='bbox 685 2480 841 2554; x_wconf 86' lang='lat' dir='ltr'>collocat.</span> <span class='ocrx_word' id='word_1_47' title='bbox 855 2480 977 2555; x_wconf 86' lang='lat' dir='ltr'>Incidit</span> <span class='ocrx_word' id='word_1_48' title='bbox 991 2481 1092 2580; x_wconf 89' lang='lat' dir='ltr'>igitur</span> <span class='ocrx_word' id='word_1_49' title='bbox 1106 2504 1184 2555; x_wconf 84' lang='lat' dir='ltr'>aetas</span> <span class='ocrx_word' id='word_1_50' title='bbox 1199 2483 1299 2577; x_wconf 83' lang='lat' dir='ltr'>ipsrus</span> 
     </span>
     <span class='ocr_line' id='line_1_12' title="bbox 337 2587 1300 2678; baseline 0.004 -16"><span class='ocrx_word' id='word_1_51' title='bbox 337 2589 380 2662; x_wconf 91' lang='lat' dir='ltr'>in</span> <span class='ocrx_word' id='word_1_52' title='bbox 405 2587 551 2661; x_wconf 87' lang='lat' dir='ltr'>seculum</span> <span class='ocrx_word' id='word_1_53' title='bbox 578 2593 621 2660; x_wconf 87' lang='lat' dir='ltr'>Ill</span> <span class='ocrx_word' id='word_1_54' title='bbox 647 2614 667 2659; x_wconf 87' lang='lat' dir='ltr'>a</span> <span class='ocrx_word' id='word_1_55' title='bbox 697 2609 778 2661; x_wconf 91' lang='lat' dir='ltr'>nato</span> <span class='ocrx_word' id='word_1_56' title='bbox 800 2589 960 2668; x_wconf 69' lang='lat' dir='ltr'>Christo.⁴</span> <span class='ocrx_word' id='word_1_57' title='bbox 983 2592 1131 2666; x_wconf 86' lang='lat' dir='ltr'>Proinde</span> <span class='ocrx_word' id='word_1_58' title='bbox 1155 2595 1300 2678; x_wconf 81' lang='lat' dir='ltr'>nescio,</span> 
     </span>
     <span class='ocr_line' id='line_1_13' title="bbox 338 2696 1302 2801; baseline 0.009 -34"><span class='ocrx_word' id='word_1_59' title='bbox 338 2696 425 2792; x_wconf 81' lang='lat' dir='ltr'>quid</span> <span class='ocrx_word' id='word_1_60' title='bbox 442 2699 477 2770; x_wconf 90' lang='lat' dir='ltr'>in</span> <span class='ocrx_word' id='word_1_61' title='bbox 493 2714 638 2770; x_wconf 81' lang='lat' dir='ltr'>mentem</span> <span class='ocrx_word' id='word_1_62' title='bbox 653 2696 786 2773; x_wconf 50' lang='lat' dir='ltr'>&#39;venerit</span> <span class='ocrx_word' id='word_1_63' title='bbox 804 2701 947 2797; x_wconf 80' lang='lat' dir='ltr'>servio,</span> <span class='ocrx_word' id='word_1_64' title='bbox 966 2702 1024 2798; x_wconf 92' lang='lat' dir='ltr'>qui</span> <span class='ocrx_word' id='word_1_65' title='bbox 1043 2703 1146 2776; x_wconf 90' lang='lat' dir='ltr'>verba</span> <span class='ocrx_word' id='word_1_66' title='bbox 1166 2705 1302 2801; x_wconf 84' lang='lat' dir='ltr'>Virgilii</span> 
     </span>
     <span class='ocr_line' id='line_1_14' title="bbox 340 2806 1322 2914; baseline 0.001 -34"><span class='ocrx_word' id='word_1_67' title='bbox 340 2806 532 2902; x_wconf 75' lang='lat' dir='ltr'>explicans,</span> <span class='ocrx_word' id='word_1_68' title='bbox 552 2808 609 2880; x_wconf 91' lang='lat' dir='ltr'>ubi</span> <span class='ocrx_word' id='word_1_69' title='bbox 631 2809 800 2882; x_wconf 87' lang='lat' dir='ltr'>materiam</span> <span class='ocrx_word' id='word_1_70' title='bbox 823 2809 863 2882; x_wconf 91' lang='lat' dir='ltr'>de</span> <span class='ocrx_word' id='word_1_71' title='bbox 884 2811 1063 2883; x_wconf 85' lang='lat' dir='ltr'>arboribus</span> <span class='ocrx_word' id='word_1_72' title='bbox 1087 2818 1223 2907; x_wconf 78' lang='lat' dir='ltr'>tang&#39;ens</span> <span class='ocrx_word' id='word_1_73' title='bbox 1249 2812 1322 2914; x_wconf 79' lang='lat' dir='ltr'>his¹</span> 
     </span>
     <span class='ocr_line' id='line_1_15' title="bbox 340 2910 1268 3015; baseline 0.003 -23"><span class='ocrx_word' id='word_1_74' title='bbox 340 2919 456 2992; x_wconf 87' lang='lat' dir='ltr'>verbis</span> <span class='ocrx_word' id='word_1_75' title='bbox 469 2910 601 3007; x_wconf 87' lang='lat' dir='ltr'>uritur,</span> <span class='ocrx_word' id='word_1_76' title='bbox 615 2921 743 3015; x_wconf 88' lang='lat' dir='ltr'>Georg.</span> <span class='ocrx_word' id='word_1_77' title='bbox 761 2945 805 3010; x_wconf 87' lang='lat'>4,</span> <span class='ocrx_word' id='word_1_78' title='bbox 829 2945 916 3012; x_wconf 80' lang='lat'>147:</span> <span class='ocrx_word' id='word_1_79' title='bbox 1260 2984 1268 2995; x_wconf 87' lang='lat'><strong><em>.</em></strong></span> 
     </span>
    </p>

    <p class='ocr_par' dir='ltr' id='par_1_8' title="bbox 395 3030 1253 3124">
     <span class='ocr_line' id='line_1_16' title="bbox 395 3030 1253 3124; baseline 0 -24"><span class='ocrx_word' id='word_1_80' title='bbox 395 3035 432 3100; x_wconf 89' lang='lat' dir='ltr'><em>V</em></span> <span class='ocrx_word' id='word_1_81' title='bbox 428 3057 508 3102; x_wconf 81' lang='lat' dir='ltr'>erum</span> <span class='ocrx_word' id='word_1_82' title='bbox 526 3032 588 3099; x_wconf 82' lang='lat' dir='ltr'>hae</span> <span class='ocrx_word' id='word_1_83' title='bbox 600 3032 663 3123; x_wconf 83' lang='lat' dir='ltr'>ipse</span> <span class='ocrx_word' id='word_1_84' title='bbox 683 3034 818 3124; x_wconf 83' lang='lat' dir='ltr'>equidem</span> <span class='ocrx_word' id='word_1_85' title='bbox 832 3030 951 3123; x_wconf 80' lang='lat' dir='ltr'>spatiis</span> <span class='ocrx_word' id='word_1_86' title='bbox 972 3031 1115 3122; x_wconf 83' lang='lat' dir='ltr'>exclusus</span> <span class='ocrx_word' id='word_1_87' title='bbox 1136 3031 1253 3123; x_wconf 82' lang='lat' dir='ltr'>iniquis</span> 
     </span>
    </p>

    <p class='ocr_par' dir='ltr' id='par_1_9' title="bbox 341 3139 1500 3997">
     <span class='ocr_line' id='line_1_17' title="bbox 395 3139 1278 3239; baseline 0.006 -32"><span class='ocrx_word' id='word_1_88' title='bbox 395 3139 558 3228; x_wconf 81' lang='lat' dir='ltr'>Praetereo,</span> <span class='ocrx_word' id='word_1_89' title='bbox 574 3145 662 3232; x_wconf 84' lang='lat' dir='ltr'>atque</span> <span class='ocrx_word' id='word_1_90' title='bbox 678 3145 754 3211; x_wconf 86' lang='lat' dir='ltr'>aliis</span> <span class='ocrx_word' id='word_1_91' title='bbox 769 3140 838 3239; x_wconf 65' lang='lat' dir='ltr'>prist</span> <span class='ocrx_word' id='word_1_92' title='bbox 850 3145 1115 3235; x_wconf 82' lang='lat' dir='ltr'>commemoranda</span> <span class='ocrx_word' id='word_1_93' title='bbox 1134 3140 1278 3232; x_wconf 84' lang='lat' dir='ltr'>relinquo.</span> 
     </span>
     <span class='ocr_line' id='line_1_18' title="bbox 341 3248 1324 3348; baseline 0.002 -30"><span class='ocrx_word' id='word_1_94' title='bbox 341 3248 420 3319; x_wconf 82' lang='lat' dir='ltr'>haec</span> <span class='ocrx_word' id='word_1_95' title='bbox 449 3249 564 3322; x_wconf 82' lang='lat' dir='ltr'>addit:</span> <span class='ocrx_word' id='word_1_96' title='bbox 594 3251 773 3344; x_wconf 84' lang='lat' dir='ltr'>Gargilium</span> <span class='ocrx_word' id='word_1_97' title='bbox 801 3254 981 3325; x_wconf 81' lang='lat' dir='ltr'>Martialem</span> <span class='ocrx_word' id='word_1_98' title='bbox 999 3250 1170 3348; x_wconf 84' lang='lat' dir='ltr'>fignificat.</span> <span class='ocrx_word' id='word_1_99' title='bbox 1199 3249 1324 3346; x_wconf 14' lang='lat' dir='ltr'>Quo-u</span> 
     </span>
     <span class='ocr_line' id='line_1_19' title="bbox 343 3353 1305 3454; baseline -0.004 -25"><span class='ocrx_word' id='word_1_100' title='bbox 343 3356 456 3429; x_wconf 85' lang='lat' dir='ltr'>modo</span> <span class='ocrx_word' id='word_1_101' title='bbox 484 3358 571 3429; x_wconf 89' lang='lat' dir='ltr'>enim</span> <span class='ocrx_word' id='word_1_102' title='bbox 597 3358 757 3454; x_wconf 84' lang='lat' dir='ltr'>Virgilius</span> <span class='ocrx_word' id='word_1_103' title='bbox 779 3358 880 3431; x_wconf 90' lang='lat' dir='ltr'>talem</span> <span class='ocrx_word' id='word_1_104' title='bbox 896 3358 1072 3453; x_wconf 82' lang='lat' dir='ltr'>indigitare</span> <span class='ocrx_word' id='word_1_105' title='bbox 1093 3353 1224 3449; x_wconf 86' lang='lat' dir='ltr'>potest,</span> <span class='ocrx_word' id='word_1_106' title='bbox 1244 3353 1305 3451; x_wconf 87' lang='lat' dir='ltr'>qui</span> 
     </span>
     <span class='ocr_line' id='line_1_20' title="bbox 342 3463 1305 3562; baseline -0.005 -20"><span class='ocrx_word' id='word_1_107' title='bbox 342 3467 454 3542; x_wconf 86' lang='lat' dir='ltr'>tribus</span> <span class='ocrx_word' id='word_1_108' title='bbox 477 3467 551 3562; x_wconf 86' lang='lat' dir='ltr'>poll</span> <span class='ocrx_word' id='word_1_109' title='bbox 576 3468 695 3541; x_wconf 87' lang='lat' dir='ltr'>seculis</span> <span class='ocrx_word' id='word_1_110' title='bbox 717 3468 850 3538; x_wconf 88' lang='lat' dir='ltr'>demum</span> <span class='ocrx_word' id='word_1_111' title='bbox 872 3468 908 3538; x_wconf 91' lang='lat' dir='ltr'>in</span> <span class='ocrx_word' id='word_1_112' title='bbox 930 3468 1038 3539; x_wconf 82' lang='lat' dir='ltr'>lucem</span> <span class='ocrx_word' id='word_1_113' title='bbox 1060 3463 1213 3559; x_wconf 74' lang='lat' dir='ltr'>prodiit?</span> <span class='ocrx_word' id='word_1_114' title='bbox 1231 3467 1305 3537; x_wconf 89' lang='lat' dir='ltr'>Vo-</span> 
     </span>
     <span class='ocr_line' id='line_1_21' title="bbox 343 3571 1500 3672; baseline -0.005 -25"><span class='ocrx_word' id='word_1_115' title='bbox 343 3574 437 3648; x_wconf 84' lang='lat' dir='ltr'>lebat</span> <span class='ocrx_word' id='word_1_116' title='bbox 462 3573 553 3648; x_wconf 83' lang='lat' dir='ltr'>sorre</span> <span class='ocrx_word' id='word_1_117' title='bbox 579 3575 740 3662; x_wconf 86' lang='lat' dir='ltr'>scribere,</span> <span class='ocrx_word' id='word_1_118' title='bbox 760 3572 864 3660; x_wconf 91' lang='lat' dir='ltr'>illud,</span> <span class='ocrx_word' id='word_1_119' title='bbox 881 3571 976 3668; x_wconf 90' lang='lat' dir='ltr'>quod</span> <span class='ocrx_word' id='word_1_120' title='bbox 1002 3571 1074 3643; x_wconf 85' lang='lat' dir='ltr'>aliis</span> <span class='ocrx_word' id='word_1_121' title='bbox 1096 3591 1197 3667; x_wconf 84' lang='lat' dir='ltr'>poeta</span> <span class='ocrx_word' id='word_1_122' title='bbox 1224 3571 1307 3642; x_wconf 90' lang='lat' dir='ltr'>reli·</span> <span class='ocrx_word' id='word_1_123' title='bbox 1416 3606 1418 3610; x_wconf 95' lang='lat'>·</span> <span class='ocrx_word' id='word_1_124' title='bbox 1496 3663 1500 3672; x_wconf 31' lang='grc' dir='ltr'>Ι</span> 
     </span>
     <span class='ocr_line' id='line_1_22' title="bbox 344 3679 1354 3780; baseline -0.003 -29"><span class='ocrx_word' id='word_1_125' title='bbox 344 3681 440 3776; x_wconf 91' lang='lat' dir='ltr'>quit,</span> <span class='ocrx_word' id='word_1_126' title='bbox 459 3682 647 3780; x_wconf 84' lang='lat' dir='ltr'>Gargilium</span> <span class='ocrx_word' id='word_1_127' title='bbox 664 3680 853 3752; x_wconf 88' lang='lat' dir='ltr'>Martialem</span> <span class='ocrx_word' id='word_1_128' title='bbox 873 3680 948 3775; x_wconf 87' lang='lat' dir='ltr'>post</span> <span class='ocrx_word' id='word_1_129' title='bbox 969 3679 1031 3752; x_wconf 84' lang='lat' dir='ltr'>tria</span> <span class='ocrx_word' id='word_1_130' title='bbox 1050 3680 1157 3752; x_wconf 87' lang='lat' dir='ltr'>secula</span> <span class='ocrx_word' id='word_1_131' title='bbox 1171 3680 1305 3751; x_wconf 89' lang='lat' dir='ltr'>demum</span> <span class='ocrx_word' id='word_1_132' title='bbox 1351 3680 1354 3695; x_wconf 77' lang='lat'>&#39;&#39;</span> 
     </span>
     <span class='ocr_line' id='line_1_23' title="bbox 345 3785 1307 3887; baseline -0.005 -27"><span class='ocrx_word' id='word_1_133' title='bbox 345 3788 539 3874; x_wconf 82' lang='lat' dir='ltr'>exsecutum</span> <span class='ocrx_word' id='word_1_134' title='bbox 550 3792 624 3864; x_wconf 88' lang='lat' dir='ltr'>elle.</span> <span class='ocrx_word' id='word_1_135' title='bbox 637 3788 799 3861; x_wconf 83' lang='lat' dir='ltr'>Horatius</span> <span class='ocrx_word' id='word_1_136' title='bbox 813 3787 966 3887; x_wconf 89' lang='lat' dir='ltr'>equidem</span> <span class='ocrx_word' id='word_1_137' title='bbox 979 3788 1078 3885; x_wconf 82' lang='lat' dir='ltr'>Epist.</span> <span class='ocrx_word' id='word_1_138' title='bbox 1093 3815 1125 3876; x_wconf 90' lang='lat'>1,</span> <span class='ocrx_word' id='word_1_139' title='bbox 1135 3814 1170 3882; x_wconf 87' lang='lat'>7,</span> <span class='ocrx_word' id='word_1_140' title='bbox 1184 3785 1307 3879; x_wconf 90' lang='lat' dir='ltr'>Gargi·</span> 
     </span>
     <span class='ocr_line' id='line_1_24' title="bbox 346 3893 1334 3997; baseline -0.003 -28"><span class='ocrx_word' id='word_1_141' title='bbox 346 3896 433 3969; x_wconf 90' lang='lat' dir='ltr'>lium</span> <span class='ocrx_word' id='word_1_142' title='bbox 452 3900 620 3997; x_wconf 90' lang='lat' dir='ltr'>quendam</span> <span class='ocrx_word' id='word_1_143' title='bbox 644 3915 841 3972; x_wconf 88' lang='lat' dir='ltr'>venatorem</span> <span class='ocrx_word' id='word_1_144' title='bbox 863 3899 969 3987; x_wconf 86' lang='lat' dir='ltr'>ridet,</span> <span class='ocrx_word' id='word_1_145' title='bbox 985 3898 1043 3993; x_wconf 92' lang='lat' dir='ltr'>qui</span> <span class='ocrx_word' id='word_1_146' title='bbox 1060 3895 1144 3968; x_wconf 85' lang='lat' dir='ltr'>feras</span> <span class='ocrx_word' id='word_1_147' title='bbox 1163 3893 1307 3988; x_wconf 85' lang='lat' dir='ltr'>pecunia</span> <span class='ocrx_word' id='word_1_148' title='bbox 1331 3929 1334 3935; x_wconf 92' lang='lat'>·</span> 
     </span>
    </p>
   </div>
   <div class='ocr_carea' id='block_1_8' title="bbox 346 4004 1308 4108">
    <p class='ocr_par' dir='ltr' id='par_1_10' title="bbox 346 4004 1308 4108">
     <span class='ocr_line' id='line_1_25' title="bbox 346 4004 1308 4108; baseline -0.012 -21"><span class='ocrx_word' id='word_1_149' title='bbox 346 4027 499 4094; x_wconf 75' lang='lat' dir='ltr'>cuemtas</span> <span class='ocrx_word' id='word_1_150' title='bbox 517 4009 616 4086; x_wconf 93' lang='lat' dir='ltr'>mulo.</span> <span class='ocrx_word' id='word_1_151' title='bbox 629 4005 857 4108; x_wconf 84' lang='lat' dir='ltr'>imposuerat,</span> <span class='ocrx_word' id='word_1_152' title='bbox 878 4007 916 4084; x_wconf 77' lang='grc' dir='ltr'>δι</span> <span class='ocrx_word' id='word_1_153' title='bbox 933 4030 991 4105; x_wconf 86' lang='lat' dir='ltr'>pet</span> <span class='ocrx_word' id='word_1_154' title='bbox 1011 4004 1126 4079; x_wconf 86' lang='lat' dir='ltr'>forum</span> <span class='ocrx_word' id='word_1_155' title='bbox 1149 4018 1308 4095; x_wconf 82' lang='lat' dir='ltr'>vexerat,</span> 
     </span>
    </p>
   </div>
   <div class='ocr_carea' id='block_1_9' title="bbox 0 0 1787 5084">
    <p class='ocr_par' dir='ltr' id='par_1_11' title="bbox 0 0 1787 5084">
     <span class='ocr_line' id='line_1_26' title="bbox 0 0 1787 5084; baseline 0 0"><span class='ocrx_word' id='word_1_156' title='bbox 0 0 1787 5084; x_wconf 95' lang='lat' dir='ltr'> </span> 
     </span>
    </p>
   </div>
  </div>
 </body>
</html>
