3509 5084
443 612 519 685 De
544 611 613 682 ur:
640 609 902 682 uusrrcn
930 611 1028 684 rua.
1054 613 1110 683 ru.
1151 717 1154 728 Ι
1188 635 1259 710 209

291 773 400 848 cebat.
413 770 504 843 Axio
519 767 716 852 admiranti,
729 769 831 840 Certe
851 767 939 840 nosti
949 822 961 856 ‚
971 773 1120 863 inquom,
1135 788 1260 841 mater·

292 900 376 952 terae
389 905 473 950 meae
488 877 627 949 fundum
644 877 678 949 in
699 875 850 965 Sabinis,
862 875 922 973 qui
935 875 981 946 est
994 879 1035 947 ad
1049 896 1206 972 quartum
1222 880 1262 952 δι

292 990 490 1063 vicesimum
510 986 703 1083 lapidem
670 1012 724 1059 vra
741 983 882 1059 salariae
898 985 1019 1058 Roma.
1038 987 1221 1078 Quidni,
1207 1017 1262 1058 m-

293 1104 385 1194 quit?
401 1097 460 1169 ubi
475 1096 584 1169 adstare
599 1097 687 1169 diem
704 1095 843 1166 meridie
857 1094 1008 1168 dividere
1003 1095 1166 1190 soleam,
1180 1098 1262 1171 cum

294 1205 1140 1295 eoReate.exurbe‚autcumindeveniobieme,
1155 1209 1292 1282 nollu'
1365 1298 1369 1303 ,
1442 1246 1449 1257 ·-

293 1345 423 1420 ponere
441 1318 554 1391 castra
573 1317 711 1412 Atque
704 1343 738 1387 rn
754 1318 817 1388 hac
834 1315 916 1389 villa
939 1341 1013 1412 qur
988 1315 1061 1387 cst
1074 1317 1261 1408 ornithon,

293 1453 395 1502 exeo
410 1452 480 1498 uno
498 1426 646 1522 quinque
660 1424 765 1495 millia
782 1423 851 1497 scio
865 1424 993 1498 venille
1007 1425 1184 1499 turdorum
1199 1427 1261 1498 de-

294 1538 398 1612 nariis
413 1535 752 1635 ternis,ut.lexaginta
768 1534 871 1606 millia
887 1559 924 1606 ea
938 1560 1013 1630 pars
1024 1536 1206 1609 reddiderit
1217 1562 1262 1610 eo

294 1673 387 1720 anno
403 1647 508 1735 villae,
521 1645 572 1718 bis
586 1665 717 1716 tantum
732 1669 831 1740 quam
845 1648 924 1716 tuus
938 1644 1063 1720 fundus
1077 1648 1263 1722 ducentum

292 1757 558 1855 iugerumReate
566 1754 685 1826 reddit
695 1754 788 1846 Quid
802 1753 1004 1851 sexaginta,
995 1756 1105 1852 inquit
1116 1758 1263 1834 Astl

293 1887 370 1954 uc,
380 1886 442 1938 Lx.
453 1861 842 1958 deridesiSexagmta,
829 1893 974 1956 mquam
967 1865 1052 1934 Sed
1067 1885 1103 1933 ut
1116 1867 1158 1934 ad
1171 1867 1265 1940 hunc
1329 1913 1332 1921 ·
1400 1858 1402 1867 ¹

295 1975 418 2048 bolum
442 1973 642 2066 pervenias,
663 1995 749 2065 opus
773 1970 834 2041 erit
855 1971 917 2042 tibi
938 1991 995 2042 aut
1018 1973 1180 2067 epulum,
1205 1994 1263 2047 aut

294 2083 489 2178 triumphus
502 2082 664 2171 alicuius,
680 2102 717 2157 ut
738 2101 819 2173 tuno
841 2081 906 2154 fuit
926 2074 1096 2177 Scipionis
1107 2083 1262 2173 Metelli,

295 2214 355 2268 aut
379 2192 603 2294 collegiorum
632 2216 765 2275 coenae,
787 2217 863 2288 quae
892 2209 975 2263 tunc
1002 2190 1263 2266 innumerabiles
1373 2213 1375 2221 ¹

300 2299 619 2374 excandefaciebant
643 2324 813 2370 annonam
841 2299 983 2372 macelli.
1003 2300 1155 2397 Reliquis
1168 2304 1266 2384 annis

299 2411 460 2483 omnibus
474 2412 511 2482 ὅ(
522 2409 609 2480 hanc
623 2405 828 2502 exspedlabis
842 2408 1012 2479 summam.
1025 2407 1122 2503 spero
1136 2433 1206 2479 non
1220 2410 1266 2480 ti·

246 2606 251 2611 .
298 2521 335 2596 bi
352 2522 520 2616 decoquet
539 2515 662 2616 [non]
678 2516 856 2588 ornithon.
872 2517 1059 2612 nequehoc
1075 2517 1197 2591 accidit
1211 2512 1265 2592 his

281 2617 470 2712 moribus,
487 2625 547 2694 nisi
566 2649 668 2709 raro,
690 2643 727 2702 ut
745 2623 930 2721 decipiaris.
956 2626 1098 2717 Quotus
1123 2626 1265 2724 quisque

250 2813 253 2816 Α
263 2794 277 2827 ,
298 2734 391 2809 enim
404 2733 449 2805 est
460 2758 669 2829 annus‚quo
684 2758 756 2806 non
771 2733 888 2806 videas
903 2737 1038 2830 epulum
1050 2791 1060 2823 ,
1072 2757 1130 2807 aut
1145 2740 1266 2814 trion·
1324 2798 1326 2802 Α
1383 2760 1388 2781 ·

299 2846 403 2944 phum
417 2898 427 2932 ‚
442 2861 498 2914 aut
519 2842 662 2939 collegia
687 2842 802 2938 [non]
827 2844 978 2937 epulari,
995 2869 1070 2938 quae
1093 2871 1185 2918 nunc
1209 2849 1266 2919 in-

259 2953 526 3029 numerabiles
541 2952 729 3040 incendunt
747 2951 945 3039 annonam?
961 2955 1025 3021 Sed
1044 2974 1184 3048 propter
1210 2957 1266 3027 lu·
1266 2968 1271 2979 ’

299 3062 452 3144 aronam,
465 3063 584 3152 inquit,
598 3058 855 3174 quodammodo
869 3059 1007 3152 epulum
1027 3062 1268 3156 quotidianum

299 3170 384 3247 est
376 3188 464 3242 intra
485 3166 604 3263 januas
627 3148 758 3239 Romae
780 3167 908 3239 Nonne
932 3168 1071 3243 itemL
1089 3163 1272 3268 Albutiusj

300 3284 432 3368 homo,
452 3297 490 3351 ut
508 3277 617 3368 scius
630 3303 789 3373 apprime
807 3279 924 3352 dodus
938 3278 1066 3373 ‚cujus
1088 3283 1278 3356 Luciliano

302 3389 494 3466 charadlere
514 3387 591 3459 sunt
613 3387 741 3478 libelli,
763 3390 896 3460 dicebat
910 3390 946 3461 in
964 3389 1099 3461 Albano
1125 3390 1269 3467 fundum

255 3548 270 3555 -
303 3500 403 3572 suum
421 3495 629 3592 pastionibus
643 3493 770 3594 semper
786 3500 911 3573 vincia
926 3499 1031 3573 villa?
1047 3525 1162 3598 agrum
1176 3504 1268 3577 enim

291 3597 417 3683 minus
448 3607 533 3678 dena
560 3604 666 3679 millia
692 3607 854 3696 reddere,
883 3602 1000 3681 villam
1027 3611 1102 3706 plus
1134 3613 1269 3688 vicena.

304 3721 395 3792 Idem
414 3717 595 3792 secundum
618 3742 725 3806 mare,
739 3743 811 3816 quo
832 3719 915 3791 loco
934 3720 1060 3810 vellet,
1081 3723 1105 3792 fi
1128 3723 1270 3819 parasset

261 3832 288 3880 “-
304 3829 447 3919 villam,
465 3812 496 3900 le
518 3826 613 3924 supra
629 3847 764 3900 centum
788 3829 894 3901 millia
914 3828 961 3928 [e
986 3831 1088 3920 villa]
1112 3854 1271 3928 receptu·
1299 3856 1308 3905 l

304 3965 394 4013 rum.
414 3942 485 4036 Age
499 3964 570 4011 non
590 3942 639 4012 M.
657 3943 746 4012 Cato
765 3932 876 4038 ‘nuper
897 3943 975 4015 cum'
994 3944 1126 4016 Luculli
1141 3945 1271 4041 accepit

305 4047 447 4124 tutelam
460 4103 470 4135 ,
483 4074 501 4120 e
516 4048 650 4145 piscinis
662 4046 740 4144 ejus*
748 4049 967 4150 quadraginta
984 4052 1133 4127 millibus
1147 4053 1272 4138 senten,

382 4161 510 4253 scriptu
525 4161 568 4238 R.
585 4160 627 4237 R.
648 4165 719 4236 Vol.
732 4162 763 4239 1.
792 4235 795 4239 ,
1067 4162 1103 4235 0
