3509 5084
508 480 1135 600 Deusuusnrcn
1269 518 1315 601 ,9-

355 678 420 727 nos
443 654 524 727 latas
546 653 662 727 facito.
683 677 727 724 eo
745 651 867 724 stercus
888 650 1055 724 minutum
1076 650 1214 741 addito,
1228 669 1332 741 con-J

354 762 477 851 surico,
494 760 668 859 glebasque
689 760 925 833 comminuite.
948 763 1089 857 Porcatn
1112 754 1317 857 planam'fa·
1342 829 1345 834 .

354 871 446 958 cito,
462 871 599 964 paulum
615 892 817 943 concavam.
831 885 903 941 tum
916 860 1034 943 semen'
1042 869 1144 943 serito
1159 873 1316 973 crebrum

351 997 510 1075 tanquam
525 978 652 1068 linum,
668 1002 712 1050 eo
730 997 850 1079 terram
867 980 984 1053 cribro
1004 978 1196 1071 inceruito,
1213 981 1315 1056 altam
1385 972 1389 977 ’

345 1086 492 1184 digitum
515 1085 750 1161 transversum.
771 1089 852 1160 Eam
867 1106 988 1161 terram
1009 1089 1122 1161 tabula
1136 1108 1195 1161 aut
1216 1091 1315 1185 pedi·

350 1199 413 1270 bus
431 1197 669 1295 complanato,
684 1196 792 1271 furcas
807 1197 938 1272 circum
952 1197 1099 1296 offigito.
1112 1224 1155 1272 eo
1169 1200 1318 1292 perticas

351 1305 531 1380 intendito.
552 1330 595 1377 eo
617 1304 778 1377 sarmenta
799 1325 858 1380 aut
882 1326 988 1380 crates
1011 1306 1141 1380 ficarias
1163 1300 1313 1403 imponiss

350 1432 390 1487 to
401 1466 411 1498 ,
422 1439 497 1511 quae
514 1414 622 1514 frigus
635 1414 814 1490 defendant
829 1418 867 1490 δι
883 1418 997 1490 solem.
1011 1417 1060 1488 uti
1076 1416 1188 1490 subtus
1202 1409 1312 1491 homo

347 1527 519 1599 ambulare
538 1527 658 1622 possit,
674 1526 790 1602 facito.
803 1529 925 1602 crebro
944 1547 1099 1602 runcato,
1113 1527 1214 1622 ¹simul
1230 1530 1312 1611 hera

302 1704 306 1711 .
347 1635 400 1707 bae
422 1634 610 1732 inceperint
632 1638 743 1736 nasci,
762 1638 917 1712 eximito.
944 1664 1019 1712 nam
1040 1639 1064 1710 si
1082 1638 1219 1710 herbam
1243 1629 1310 1713 du·

346 1764 418 1812 ram
431 1742 552 1833 velles,
565 1743 736 1839 cupressos
751 1745 847 1817 simul
860 1745 995 1818 evelles.
1009 1746 1062 1818 Ad
1075 1747 1219 1817 eundern
1233 1770 1309 1822 moe

347 1848 427 1920 dum
451 1841 758 1948 semenpirorum‚
776 1854 966 1943 malorum,
982 1853 1107 1940 serito,
1121 1853 1307 1951 tegitoque.

345 1959 472 2065 Nuces
491 1962 605 2058 pineas
627 1963 669 2036 ad
691 1963 835 2036 eundem
866 1963 1030 2054 modum,
1058 1960 1119 2035 nist
1135 1980 1306 2062 ,tanquam

343 2067 447 2141 alium
474 2070 586 2145 serito.

391 2176 514 2250 XLIX.
534 2179 679 2274 Vineam
692 2197 841 2254 veterem
855 2177 879 2248 sr
898 2178 933 2250 in
950 2177 1052 2251 alium
1066 2177 1183 2252 locum
1196 2178 1305 2252 trans

344 2281 432 2358 ferre
446 2277 554 2375 voles,
569 2288 742 2362 dumtaxat
755 2287 930 2382 brachium
942 2289 1076 2363 crassam
1091 2288 1216 2362 licebit.
1232 2289 1303 2362 Pri·

341 2418 438 2466 mum
464 2395 648 2493 deputato,
674 2396 769 2470 binas
792 2422 940 2495 gemmas
962 2423 1004 2470 ne
1029 2396 1173 2493 amplius
1199 2397 1304 2469 reliu-¹

340 2501 449 2598 quito.
469 2505 519 2574 Ex
539 2504 707 2582 radicibus
727 2507 812 2579 hene
831 2503 996 2595 effodim,
1020 2504 1150 2604 [usque
1173 2505 1304 2579 radices

339 2608 575 2710 persequitur]
594 2615 631 2688 δι
653 2632 796 2702 caveto,
811 2640 853 2687 ne
873 2615 1002 2689 radices
1025 2614 1158 2688 saucies.
1182 2614 1227 2686 ita
1249 2613 1301 2688 uti
1353 2684 1355 2688 .

339 2714 465 2806 suerit,
488 2721 612 2815 ponito
633 2721 669 2792 in
692 2720 836 2814 scrobe,
856 2744 916 2797 aut
944 2723 979 2794 in
1005 2721 1121 2811 sulco,
1144 2720 1301 2818 operito·

337 2849 428 2920 que,
444 2829 483 2901 &
500 2825 586 2899 hene
607 2829 796 2902 occulcato.
818 2831 1014 2925 Eodemque
1038 2831 1144 2901 modo
1161 2830 1299 2903 vineam

338 2930 495 3024 statuito,
511 2933 668 3033 alligato,
684 2934 877 3033 slexatoque
898 2937 949 3009 uti
963 2935 1089 3025 fierit,
1108 2929 1298 3032 crebroque

296 3112 302 3129 ‚
335 3038 463 3115 fodito.

386 3152 424 3223 L.
447 3151 543 3224 Prata
556 3154 670 3249 primo
690 3179 772 3229 vere
791 3153 977 3237 stercorato
989 3153 1068 3226 luna
1088 3150 1208 3225 silenti.
1220 3177 1298 3249 quar

338 3252 462 3355 irrigua
479 3287 550 3334 non
564 3283 675 3354 erunt,
688 3265 747 3338 ubi
761 3266 933 3339 Favonius
946 3263 1026 3338 flare
1035 3266 1192 3361 coeperit.
1204 3267 1298 3338 Cum

336 3389 430 3464 prata
443 3371 621 3465 defendes,
634 3378 833 3475 depurgato,
848 3378 1031 3470 herbasque
1045 3373 1147 3446 malas
1163 3373 1299 3446 omneis

335 3479 495 3557 radicitus
516 3487 667 3559 effodito.
687 3488 757 3577 Ubi
783 3488 919 3559 vineam
946 3483 1182 3580 deputaveris,
1199 3509 1295 3557 acer·

333 3611 419 3661 vum
434 3590 605 3689 lignorum
621 3597 862 3694 virgarumque
873 3594 987 3669 facito.
1001 3593 1097 3675 Ficus
1110 3593 1296 3691 interputa·

333 3716 398 3787 10,
425 3704 463 3776 &
483 3704 519 3777 in
539 3707 641 3780 vinea
660 3705 743 3781 ficos
761 3707 934 3781 subradito
962 3707 1053 3794 alte,
1075 3731 1119 3802 ne
1138 3729 1192 3777 eas
1211 3703 1299 3780 viti-s

335 3803 479 3885 scandat.
498 3815 680 3888 Seminaria
703 3814 829 3908 facito,
846 3819 885 3892 δι
900 3834 1014 3889 vetera
1029 3813 1198 3887 resarcito.
1214 3814 1291 3885 Hoc
1347 3814 1349 3817 ’

332 3914 450 4013 facito,
462 3941 644 4026 antequam
664 3908 799 4005 vibrant
814 3927 930 4004 fodere
949 3925 1102 4021 incipias.
1122 3921 1193 3996 Ubi
1209 3922 1293 4020 daps
1356 3961 1367 3980 s
1408 3995 1410 3999 ,
1451 4013 1454 4021 ‚

824 4035 827 4041 .
962 4091 966 4099 Ι
1021 4035 1101 4127 04
