3509 5084
421 591 487 650 nv
609 573 683 647 10.
707 522 918 644 narret.
946 542 1244 644 assuant·

422 730 654 806 notationibus
667 730 729 803 suis
739 729 942 803 exercuisse:
962 730 1255 827 c1.M0rgagnum
1271 749 1382 808 autem
1410 815 1413 823 ,

420 847 482 938 Ep.
505 870 536 928 1,
550 846 592 940 63
610 843 796 916 luculenter
823 840 1020 927 ostendisse,
1033 864 1132 936 quam
1146 859 1267 913 contra
1289 869 1402 917 men·w

421 970 487 1026 tem
510 953 657 1025 ausloti's
678 951 882 1025 columella
907 971 1016 1050 capita
1039 974 1115 1050 quae
1136 967 1307 1023 vocantur
1322 953 1384 1026 [ω-

420 1061 581 1162 pedivisa
598 1063 670 1139 srnt.
1168 1060 1171 1065 ’

482 1173 599 1247 XXV.
616 1173 686 1248 Jam
710 1190 746 1244 ut
764 1196 938 1271 pergamus
961 1189 1245 1253 commemorate,
1262 1165 1384 1264 quida

423 1283 526 1356 nobis
552 1282 590 1356 stt
615 1282 820 1378 praestitum,
843 1278 1038 1352 varietatem
1071 1274 1224 1364 lessionis
1247 1294 1317 1348 tum
1346 1275 1384 1348 in

424 1394 519 1467 MSS.
539 1412 610 1467 tum
628 1392 663 1464 in
683 1390 799 1474 editis,
814 1412 956 1484 quarum
975 1384 1095 1459 deinde
1112 1385 1312 1484 catalogum
1328 1387 1385 1461 da·

425 1501 806 1593 bimos,·observatam,
828 1496 1006 1590 separatim
1026 1496 1086 1568 sub
1113 1523 1217 1569 unum
1239 1496 1385 1594 conspe·

426 1615 514 1686 sium
539 1608 731 1705 posuimus,
748 1607 955 1701 compendio
975 1631 1014 1679 ea
1033 1608 1068 1678 in
1089 1631 1125 1680 re
1145 1608 1184 1682 δι
1206 1607 1386 1695 notisofi,

426 1742 509 1816 quas
524 1717 597 1813 posi
615 1715 814 1821 catalogum
831 1715 1012 1810 explicatas
1028 1715 1198 1805 dabimus,
1211 1740 1277 1813 qua
1296 1715 1331 1785 in
1348 1739 1386 1788 re

425 1851 499 1898 non
519 1827 625 1898 modo
640 1824 774 1897 fastidio
793 1824 956 1917 leslorum
977 1824 1221 1908 consuluimus,
1238 1825 1295 1922 qui
1310 1825 1386 1899 haec

425 1957 498 2006 non
509 1953 633 2022 amant,
642 1933 737 2029 quod
752 1956 841 2005 nunc
855 1952 950 2004 tanto
963 1931 1094 2006 facilius
1103 1959 1141 2007 ea
1154 1933 1288 2030 possunt
1301 1959 1388 2029 prae·
1424 2022 1428 2034 ,

426 2043 632 2128 termittete3
658 2046 694 2116 δι
718 2040 888 2114 voluntati
909 2064 1049 2129 eorum,
1069 2045 1127 2138 qui
1152 2043 1250 2117 brevi
1263 2042 1317 2113 via
1332 2041 1388 2111 in·

428 2141 527 2252 genia
550 2174 699 2235 veterum
722 2154 758 2227 δι
772 2150 1004 2225 recentiorum
1028 2139 1240 2226 librariorum
1263 2152 1388 2225 discere

430 2263 592 2359 cupiunt,
605 2265 642 2337 &
656 2261 697 2336 ad
710 2259 869 2336 Criticam
884 2261 1073 2335 facultatem
1086 2264 1252 2363 adspirare
1266 2277 1312 2335 ¹²:
1334 2260 1390 2334 sed

431 2376 532 2448 etiarn
548 2373 641 2469 spatii
653 2374 794 2446 multum
807 2369 928 2443 lucrati
946 2372 1068 2446 sumus.
1081 2375 1200 2466 Quid?
1214 2373 1309 2470 quod
1322 2371 1392 2467 plu·

431 2483 524 2555 ribus
543 2481 676 2552 Meursti
697 2481 732 2550 in
754 2481 921 2553 Catonem
941 2481 1154 2576 notis=plane
1179 2481 1389 2575 supersedere

432 2587 615 2685 potuimus.
634 2585 692 2659 Ust
714 2585 824 2659 sumus
849 2587 946 2660 simili
969 2589 1119 2660 libertate
1142 2611 1390 2684 nonnunquam

432 2694 469 2768 in
483 2692 660 2797 Clarissimi
676 2696 873 2767 Pontederae
889 2695 1184 2783 adnotationibus;
1200 2719 1271 2767 non
1287 2697 1391 2767 utin·

432 2824 543 2903 tegras
557 2803 807 2890 omitteremus,
824 2829 932 2901 neque
948 2804 1037 2877 enirn
1054 2805 1111 2878 ille
1125 2832 1272 2904 unquam
1286 2806 1392 2880 solam

432 2915 629 2987 varietatem
651 2913 859 3011 proposuisse
880 2933 1060 2989 contentus
1078 2914 1163 3003 fuit,
1184 2915 1238 2987 sed
1264 2934 1301 2988 ut
1323 2914 1391 3014 jam

432 3025 574 3120 positam
589 3053 607 3106 a
627 3028 727 3100 nobis
739 3027 931 3100 varietatem
943 3050 1013 3097 non
1028 3045 1261 3122 repeteremus.
1276 3030 1323 3098 lta
1337 3025 1393 3096 in·-

384 3191 387 3197 -
435 3136 567 3208 terdum
585 3136 658 3207 loca
673 3188 684 3221 ,
699 3161 741 3207 ex
763 3137 954 3211 auctoribus
973 3138 1094 3212 noslris
1114 3139 1245 3233 plenius
1262 3137 1393 3244 latiflata

390 3264 392 3269 ⁴
435 3270 456 3318 a
475 3243 561 3315 Viro
587 3242 797 3332 dosiiffimo,
819 3270 889 3319 non
916 3264 989 3320 tota
1017 3247 1201 3344 posuimus,
1223 3247 1279 3320 sed
1301 3247 1393 3318 indi·

334 3343 338 3351 ¹
435 3353 588 3427 cavimus
599 3369 730 3425 tantum
742 3354 864 3427 librum
877 3409 888 3442 ,
901 3376 1021 3451 caput,
1034 3356 1260 3453 segmentum,
1275 3358 1333 3429 ubi
1347 3359 1393 3428 le·

436 3479 606 3560 gerentur.
623 3465 711 3536 Cum
730 3465 819 3537 enim
838 3465 893 3536 ille
911 3467 956 3538 ita
975 3464 1232 3560 scripseritsnas
1253 3467 1394 3537 adnota-

352 3659 359 3668 ,
437 3577 571 3666 tiones,
593 3574 632 3648 ut
656 3576 721 3674 legi
743 3602 802 3673 per
822 3578 853 3649 se
875 3577 1085 3676 intelligique
1105 3577 1253 3674 possint,
1267 3572 1393 3648 etiamsi

484 3813 529 3864 ra.
545 3792 602 3870 Qui
622 3789 677 3852 hac
697 3802 795 3851 mente
812 3788 896 3866 sunt,
944 3806 984 3855 ut
1010 3791 1039 3850 in
1060 3791 1200 3868 Justinum
1228 3810 1322 3864 1722,
1345 3804 1391 3852 ης

441 3871 476 3934 iis
502 3893 560 3935 non
580 3871 816 3952 legendam,sed
837 3871 897 3933 edi·
933 3872 1054 3934 ¹editum
1087 3874 1302 3952 prefationem,
1327 3888 1391 3949 quae
1491 3916 1494 3921 -

275 4012 278 4020 ,
442 3953 576 4016 scendum
597 3960 656 4032 jam
669 3953 895 4016 aliescornmen·
943 3953 1063 4018 mirifice
1076 3973 1130 4018 uos
1143 3951 1330 4021 confirmavit.
1353 3982 1355 3984 ·

255 4038 262 4111 ’ς
331 4041 334 4047 ’
444 4033 576 4098 desimus
591 4056 708 4102 auream
724 4035 895 4134 liuentem·
