3509 5084
282 650 290 675 ,
371 486 493 650 ’,μ’
548 548 903 631 uncturum
929 548 1221 626 vrnuouts

329 802 334 809 ¹
451 716 491 787 L.
504 711 617 785 Medis
628 709 773 807 proprio
786 708 927 781 nomine
939 708 1063 781 dicitur
1076 709 1112 781 in
1126 711 1186 800 iis,
1199 735 1286 807 quae
1301 724 1379 787 mei

405 822 524 909 timue,
539 820 683 894 maxime
696 819 732 891 in
747 818 940 903 frumento,
951 823 988 893 ὅ(
1002 821 1043 891 ab
1060 845 1105 893 eo
1119 821 1183 893 esse
1196 824 1375 898 vocabulo

403 933 579 1008 declinata.
621 929 793 1003 Frumenti
822 931 886 1001 tria
920 954 1040 1026 genera
1070 931 1144 1004 sunt
1169 935 1379 1024 meffionis,

404 1069 509 1115 unum
524 1096 535 1131 ,
549 1061 586 1112 ut
608 1041 644 1112 in
665 1038 830 1129 Umbria,
850 1038 909 1111 ubi
937 1038 1023 1111 falce
1043 1039 1226 1114 secundum
1245 1063 1377 1118 terram

404 1153 582 1229 succidunt
603 1153 837 1234 siramentum3
853 1153 892 1225 δι
908 1153 1118 1246 manipulum
1129 1206 1141 1236 ,
1153 1172 1190 1227 ut
1201 1180 1378 1254 quemque

404 1264 662 1353 subsecuerunt,
672 1282 807 1359 ponunt
818 1262 855 1335 iu
868 1283 966 1335 terra.
976 1251 1104 1335 ubieos
1114 1262 1269 1339 seceiunt
1284 1267 1378 1338 mul-

405 1395 481 1467 tos,
494 1373 618 1449 iterum
633 1397 693 1447 eos
707 1372 924 1470 percensent,
938 1398 978 1446 ac
989 1375 1031 1446 de
1044 1373 1180 1470 singulis
1190 1374 1303 1449 secant
1318 1377 1378 1449 in-

404 1503 458 1557 ter
475 1482 632 1581 spicas&
650 1481 866 1554 stramentum
882 1509 891 1555 ε
907 1481 1012 1580 spicas
1031 1481 1223 1577 conjiciunt
1240 1485 1276 1556 in
1292 1510 1377 1560 cor·

405 1597 502 1682 bem,
517 1614 617 1690 atque
632 1593 666 1663 in
686 1616 796 1664 aream
815 1593 966 1666 mittunt.
980 1593 1156 1667 stramenta
1173 1596 1378 1694 relinquunt

405 1705 443 1776 in
464 1705 592 1799 segete,
604 1700 695 1773 unde
707 1701 868 1775 tollantur
882 1702 917 1773 in
933 1728 1107 1779 acervum.
1122 1704 1243 1789 Altero
1261 1709 1376 1781 modo

406 1833 557 1901 metunt,
572 1835 609 1886 ut
625 1814 660 1885 in
674 1815 826 1903 Piceno,
849 1815 909 1886 ubi
929 1814 1081 1912 ligneum
1100 1816 1226 1889 habent
1251 1817 1377 1891 incut-

406 1949 491 1996 vum
512 1922 691 2014 batillum,
712 1924 747 1996 in
774 1949 845 2021 quo
867 1925 907 1997 sit
922 1922 1075 1997 extremo
1102 1927 1224 1999 serrula
1253 1926 1377 2004 ferrea.

407 2035 482 2106 haec
503 2058 580 2106 cum
601 2031 860 2132 comprehendit
882 2030 1003 2105 fascem
1025 2031 1212 2127 spicarum,
1225 2035 1379 2127 desecat,

408 2142 639 2217 &stramenta
659 2139 779 2211 stantia
799 2138 836 2208 in
864 2136 973 2235 segete
998 2139 1182 2237 relinquit,
1198 2162 1234 2214 ut
1258 2144 1378 2240 postea

410 2249 637 2325 subsecentur.
653 2247 773 2320 Tertio
783 2248 892 2321 modo
907 2247 1060 2335 metitur,
1076 2267 1115 2322 ut
1134 2250 1192 2322 sub
1204 2252 1287 2325 urbe
1301 2256 1380 2325 Ro-

409 2386 482 2448 ma,
497 2361 537 2433 δι
547 2356 633 2431 locis
648 2354 812 2452 plerisque
825 2374 886 2444 ,ut
900 2355 1116 2430 stramentum
1129 2360 1276 2433 medium
1297 2361 1379 2434 sub·

409 2469 543 2557 secent,
554 2466 648 2562 quod
664 2490 765 2537 manu
780 2465 907 2537 sinistra
923 2464 1087 2538 summum
1103 2467 1316 2563 prehendunt
1332 2496 1340 2543 :
1357 2497 1380 2545 a

408 2606 481 2679 quo
502 2578 615 2650 medio
634 2577 767 2650 messem
782 2577 902 2649 dietam
923 2599 1015 2674 puto.
1033 2578 1122 2653 infra
1143 2606 1277 2654 manum
1293 2585 1380 2660 stra·

409 2706 561 2762 mentum
570 2740 581 2773 ,
590 2686 683 2781 quod
695 2703 791 2756 terrae
801 2685 920 2774 haeret,
934 2687 1049 2781 postea
1063 2689 1259 2767 subsecatur.
1272 2680 1380 2768 Cori·

408 2819 485 2888 tra,
504 2796 598 2894 quod
613 2821 690 2869 cum
713 2793 803 2892 spica
819 2795 1037 2870 stramentum
1061 2799 1186 2884 baeret,
1212 2800 1381 2878 corbibus

410 2909 448 2984 in
466 2933 575 2982 aream
595 2904 752 2980 defertur.
771 2905 987 2991 ubidiscedit
1011 2907 1047 2980 in
1071 2927 1188 3006 aperto
1211 2910 1293 2984 loco
1310 2939 1380 3010 pa·
1436 2988 1442 3001 ,

406 3022 476 3094 sam
489 3049 499 3093 τ
512 3047 530 3092 a
543 3044 614 3115 quo
629 3018 739 3116 potest
749 3017 924 3090 nominata
934 3018 998 3098 esse
1011 3022 1118 3116 palea.
1131 3021 1201 3094 Alii
1215 3022 1380 3099 stramen·

411 3146 485 3201 tum
501 3127 662 3216 astand0,
676 3147 713 3199 ut
727 3127 863 3218 stamen,
877 3128 999 3200 dissum
1011 3150 1143 3223 putant.
1157 3131 1226 3203 Atii
1240 3130 1282 3202 ab
1296 3131 1379 3205 stra·

411 3255 470 3326 tu,
489 3236 636 3335 quodid
661 3236 889 3311 substernatur
910 3238 1038 3334 pecori.
1058 3242 1149 3312 Cum
1173 3241 1220 3315 est
1244 3263 1379 3318 matura

411 3346 523 3445 seges,
536 3347 750 3437 metendum,
770 3373 846 3421 curn
859 3349 895 3420 in
907 3372 945 3420 ea
957 3345 1110 3446 jugerum
1125 3351 1195 3423 sere
1208 3378 1274 3424 una
1290 3378 1380 3450 ope·

411 3481 447 3528 ta
464 3456 712 3553 propemodum
740 3455 775 3526 in
805 3456 898 3531 sacili
915 3481 998 3556 agro
1025 3456 1101 3531 satis
1126 3460 1191 3532 esse
1216 3461 1378 3538 dicatur:

411 3566 527 3641 messes
542 3566 646 3662 spicas
664 3566 828 3640 corbibus
841 3566 876 3639 in
892 3593 1002 3642 aream
1021 3569 1150 3645 deferre
1167 3570 1302 3645 debent.

396 3666 400 3675 ’
420 3768 423 3773 .
460 3676 514 3747 Ll.
528 3674 647 3746 Aream
663 3673 726 3746 esse
746 3693 888 3770 oportet
899 3676 934 3748 in
951 3701 1056 3775 agro,
1072 3677 1258 3751 sublimiori
1272 3678 1379 3774 Ιοεο,1

411 3809 512 3881 quam
527 3782 667 3881 perflare
682 3782 780 3880 poffit
793 3804 924 3857 ventus.
937 3785 1026 3862 hanc
1045 3787 1109 3860 esse
1124 3787 1294 3885 modicam
1310 3814 1381 3882 pro
1425 3842 1427 3847 -

412 3896 641 3993 magnitudine
654 3894 789 3992 segetis,
810 3894 1015 3991 potissimum
1033 3899 1236 3987 rotundam,
1249 3899 1287 3969 δι
1302 3924 1381 3972 me·

412 4005 500 4087 diam
511 4006 614 4113 paulo¹
628 4005 843 4098 extumidam,
859 4001 928 4101 (ut,
941 4004 964 4077 si
978 4007 1115 4104 pluerit,
1126 4030 1197 4081 non
1211 4007 1376 4082 consistat
