3509 5084
479 553 590 621 NOT.
616 545 704 622 LIT.
733 551 807 621 DE
836 554 1064 629 VEGETIO.
1166 574 1277 636 cxxv

295 733 396 784 'cum
420 707 515 804 praef.
534 705 723 780 Hermanni
738 706 884 781 Comitis
904 710 1087 802 Nuenatii,
1105 718 1289 811 praepositi¹
1312 783 1315 788 .

312 815 482 916 primaria
508 816 587 901 aedis
610 814 842 904 Colonienfis,
857 818 899 890 ad
914 819 1277 900 FerdinandumHun·

314 929 415 1027 gariae
435 929 475 1005 dt
488 925 661 999 Bohemiae
682 927 837 1025 Regem:
858 953 936 1026 quae
958 929 1063 1007 editio
1081 958 1157 1008 curn
1184 937 1276 1013 notis

313 1037 391 1114 Mis.
413 1036 478 1118 fuit
499 1038 536 1111 in
557 1035 644 1110 Bibl.
672 1036 952 1112 Almeloveenii:
972 1039 1052 1114 item
1075 1067 1154 1117 curn
1183 1045 1274 1118 anti·

312 1147 472 1245 quiffimo
491 1141 688 1242 Corbejenli
708 1149 744 1223 ὃ(
764 1148 906 1244 optimae
928 1168 1019 1222 notae
1038 1154 1181 1243 codice,
1201 1154 1274 1228 lite·

312 1258 359 1334 ris
379 1259 571 1333 uncialibus
590 1275 725 1332 exarato
748 1255 856 1356 (licet
875 1257 1008 1335 lacunis
1026 1261 1198 1336 hincinde
1206 1263 1274 1337 de·

294 1369 494 1469 ¹formato)
518 1370 640 1444 collata
659 1368 694 1441 in
719 1367 890 1446 Gudiana.

361 1479 492 1553 Prodiit
505 1478 625 1577 deinde
641 1477 832 1576 Vegetiuse
849 1477 1004 1573 pluribus
1024 1479 1201 1557 codicibus
1219 1508 1273 1558 ca·
1379 1514 1382 1522 ·
1411 1543 1418 1565 ,

312 1587 470 1686 lligatus,
486 1608 622 1664 curante
642 1592 816 1684 daniaco,
829 1587 922 1660 Basti.
945 1614 1057 1685 1574,
1076 1619 1110 1684 4.
1132 1594 1186 1664 Ab
1210 1592 1274 1668 illo
1333 1687 1335 1693 Α

312 1717 488 1798 ternpore,
509 1701 605 1797 quod
624 1699 759 1798 quidem
778 1699 1021 1796 repererimus,
1036 1699 1145 1773 editus
1159 1698 1214 1773 hic
1226 1700 1273 1774 li·

312 1810 373 1881 ber
390 1809 537 1898 nonest,
559 1811 670 1883 donec
686 1813 738 1884 Jo.
757 1814 916 1883 Matthias
928 1811 1081 1904 Gesncrus
1094 1811 1136 1882 ad
1152 1835 1273 1884 recen·

311 1917 449 1992 sendum
463 1921 530 1993 hoc
550 1920 750 2015 opusculum
764 1920 880 1993 induci
901 1920 932 1992 se
947 1919 1055 2015 pallus
1069 1921 1136 2009 est,
1150 1921 1272 2017 partim
1303 1955 1305 1960 ·

311 2052 374 2125 per
390 2028 551 2124 infignem
576 2031 671 2104 illurn
689 2032 823 2118 locum,
837 2031 897 2130 qui
916 2056 935 2103 e
955 2030 1156 2104 Columellae
1178 2032 1272 2106 libris
1416 2130 1418 2135 ι

312 2140 358 2211 de
379 2143 429 2213 Re
445 2141 536 2214 Rust.
555 2141 735 2238 repetitus,
753 2144 788 2214 in
812 2166 855 2215 eo
874 2141 1060 2235 reperitur,
1075 2141 1194 2238 partim
1211 2168 1271 2239 per

312 2250 439 2346 largam
463 2249 651 2324 facultatem
677 2248 841 2325 librorum
863 2251 1064 2346 scriptorum
1091 2254 1129 2325 &
1152 2253 1269 2323 excer-

311 2376 491 2453 ptorume
512 2357 604 2431 libris
624 2359 770 2456 scriptis,
790 2360 822 2432 ei
839 2358 1056 2449 oblatorum,
1078 2357 1101 2428 fi
1124 2376 1210 2428 eum'
1226 2358 1270 2429 li-

311 2465 411 2538 brum
440 2465 560 2552 addere
584 2468 736 2564 Corpori
762 2467 974 2564 Scriptorum
996 2467 1037 2538 de
1059 2468 1110 2539 Re
1135 2458 1270 2541 Rustica
1334 2470 1336 2473 ’

272 2622 275 2627 .
313 2574 429 2649 vellet.
446 2579 562 2674 ltaque
577 2576 675 2650 fecit:
690 2579 721 2651 ei
734 2576 873 2669 subjecit
897 2576 1093 2650 varietatem
1115 2576 1269 2650 lediionis

312 2705 334 2756 e
347 2682 439 2756 libris
452 2683 517 2758 illis
533 2685 726 2776 collectam,
738 2686 895 2759 admixtis
910 2685 974 2759 suis
988 2687 1126 2760 notulis.
1138 2688 1179 2761 de
1192 2687 1269 2763 Mil.

313 2818 350 2868 v.
371 2794 466 2888 praef.
492 2796 631 2870 Gesneri
655 2799 695 2870 ad
722 2800 827 2894 Scrip.
848 2800 891 2872 R.
918 2799 960 2870 R.
992 2797 1029 2894 ς.
1046 2785 1113 2871 'x1.
1136 2803 1267 2872 Locum
1400 2824 1405 2838 ⁸

313 2904 513 2978 Columellae
531 2906 626 2979 illum
647 2909 806 3006 infignem
826 2907 890 3001 jam
910 2925 1166 3001 comparaverat
1190 2932 1267 2978 cum

313 3012 409 3086 libris
438 3015 639 3087 Columellae
667 3019 705 3090 &
728 3040 829 3111 opem
856 3034 1007 3086 mutuam
1029 3014 1088 3085 sthi
1116 3013 1270 3109 praellare-

313 3120 484 3218 utriusque
504 3122 611 3196 libros
630 3122 760 3218 jufferat
779 3127 950 3221 Morgagni
971 3122 1007 3194 in
1026 3123 1127 3221 Epist.
1150 3149 1181 3219 ς.

363 3231 499 3314 Novam
514 3232 627 3328 operis
647 3232 831 3306 editionem
855 3232 992 3305 molitus
1012 3232 1059 3304 est
1077 3235 1168 3328 Casp.
1185 3236 1269 3306 Bar·

313 3344 477 3428 cholinus,
492 3342 637 3426 Thomae
659 3340 764 3432 filius,
776 3367 852 3419 cum
866 3341 931 3414 suis
945 3345 981 3415 δι
998 3343 1051 3413 Jo.
1067 3345 1188 3414 Rhodii
1201 3367 1268 3412 no·

312 3451 381 3525 tis:
403 3448 536 3548 ejusque
560 3452 630 3546 jarnw
652 3452 798 3549 primurn
825 3450 945 3523 solium
970 3448 1161 3546 speciminis
1185 3451 1268 3525 loco

321 3677 410 3742 libros
438 3674 504 3740 illos
533 3677 662 3742 Londini
691 3677 771 3760 apud
818 3670 899 3739 num.
922 3695 996 3758 115,
1012 3677 1095 3739 video
1116 3676 1268 3738 memorari

317 3761 409 3822 virum
422 3760 542 3822 domum
555 3762 662 3824 exstare
676 3760 771 3823 lllstos
818 3760 969 3839 vegetium
987 3760 1023 3820 de
1043 3779 1073 3821 re
1092 3757 1268 3820 Vetetinarin
1382 3754 1384 3759 ’
1407 3790 1409 3796 .

316 3840 461 3918 alteraque
475 3857 560 3920 parte
575 3845 724 3904 auctiores.
737 3843 771 3903 ln
819 3842 903 3904 editis
920 3843 1079 3923 auctiorem
1097 3837 1267 3904 &emenda

319 3923 459 4002 Catalogo
484 3924 625 3985 librorum
640 3921 710 3995 ΜΠ.
735 3923 770 3986 Is.
819 3926 931 3996 tioretrt.

320 4003 412 4069 vomi
432 4011 507 4083 mter
528 4006 651 4080 Codices
665 4004 771 4077 laturos
908 4054 910 4059 ,
