3509 5084
450 576 542 656 DE
589 579 674 650 RE
722 576 1080 656 RUSthas
1208 598 1256 680 '51¹2

296 742 404 830 alito,
428 740 513 831 nifi,
535 737 628 835 prius
652 737 732 812 dato
754 736 892 829 bibere,
910 738 947 810 &
971 736 1022 810 bis
1046 736 1183 830 indie,
1206 742 1259 816 bia
1299 762 1301 766 ·

295 853 416 926 escam.

345 960 424 1032 XC.
445 956 644 1029 Palumbum
663 972 832 1031 recentem
851 972 889 1029 ut
911 956 1051 1053 prensus
1064 956 1128 1030 erit
1138 1014 1151 1048 ,
1165 960 1196 1033 ei
1209 960 1261 1034 faa

295 1068 373 1141 barn
396 1067 525 1167 coelam
546 1058 667 1137 tollam
688 1065 833 1161 primum
850 1066 950 1144 ,dato
975 1091 1018 1138 ex
1039 1090 1101 1139 ore
1124 1069 1158 1140 in
1181 1068 1259 1162 ‘ejus
1314 1128 1316 1133 ,

299 1204 340 1250 os
354 1174 475 1249 inflato
494 1178 575 1249 item
591 1173 723 1273 aquam.
743 1177 811 1265 hoc
831 1176 901 1248 dies
915 1197 987 1247 vn.
1007 1177 1124 1251 facito.
1144 1181 1260 1254 Postea

297 1288 409 1360 fabam
425 1285 544 1359 fresam
558 1278 700 1382 puram,
714 1290 752 1358 &
767 1286 817 1358 far
837 1311 958 1381 purum
975 1285 1080 1360 facito
1092 1341 1104 1377 ,
1116 1291 1154 1362 δι
1172 1289 1260 1364 fabae

297 1399 395 1470 tert-ia
416 1423 491 1494 pars
505 1417 543 1470 ut
559 1395 770 1471 infervescat.
792 1400 878 1469 Cum
901 1396 951 1468 far
965 1397 1097 1494 insipiat
1106 1454 1118 1488 ,
1132 1402 1261 1495 puriter

298 1507 429 1597 facim,
444 1509 482 1579 &
503 1507 647 1602 coquito
667 1507 764 1579 bene.
788 1507 823 1577 id
839 1506 898 1577 ub'i
920 1508 1115 1596 excoxeris,
1129 1511 1261 1605 depsuo

298 1617 409 1706 bene,
419 1616 499 1687 oleo
510 1641 645 1687 manum
659 1613 816 1711 unguito.
827 1616 973 1709 primum
987 1616 1160 1709 pufillum,
1172 1620 1263 1712 grost-

282 1752 341 1825 ‚·ea
366 1727 471 1822 magis
499 1726 635 1822 depses,
663 1727 744 1798 oleo
774 1726 906 1822 tangito
931 1727 1154 1823 depsrtoque,
1179 1731 1262 1802 dum

299 1835 427 1932 poteris
448 1834 565 1913 facere,
576 1835 737 1907 turundas
749 1888 761 1926 ,
775 1859 818 1907 ex
841 1859 927 1930 aqua
940 1834 1040 1926 dato,
1054 1836 1162 1909 escam
1177 1861 1261 1911 tern-
1328 1902 1333 1911 ,

298 1962 432 2042 petato.

252 2103 255 2108 -
284 2057 286 2062 ’
364 2054 459 2125 XCI.
481 2053 600 2124 Aream
621 2052 666 2125 fic
685 2051 798 2124 facito.
818 2053 949 2124 Locum
968 2049 1027 2123 ubi
1050 2050 1152 2125 facies
1174 2077 1263 2142 con-

300 2163 434 2249 fodit0‚
451 2163 564 2258 postea
580 2187 719 2235 amurca.
734 2161 949 2258 conspergito
972 2161 1081 2250 bene,
1095 2163 1263 2260 finitoque

299 2264 483 2347 combibat.
504 2273 622 2365 Postea
637 2272 865 2345 comminuito
878 2271 989 2368 glebas
1008 2273 1104 2343 bene.
1125 2273 1262 2348 Deinde

299 2390 503 2480 coaequato,
526 2386 562 2457 &
591 2380 759 2478 paviculis
783 2381 974 2455 verberato.
1006 2380 1123 2452 Postea
1147 2382 1264 2455 denuo

246 2535 254 2551 ι
298 2516 436 2584 amurca
455 2491 671 2588 conspergito
683 2543 695 2581 ‚
709 2489 879 2586 finitoque
899 2490 1040 2583 arescat.¹
1054 2490 1089 2561 Si
1110 2489 1157 2562 ita
1175 2490 1264 2566 fece·

300 2602 370 2692 ris,
390 2627 499 2699 neque
523 2602 677 2676 formicae
703 2603 900 2692 nocebunt,
926 2620 1038 2699 neque
1061 2602 1175 2705 herbae
1201 2630 1264 2676 na·
1355 2649 1358 2659 ι

284 2704 459 2807 ,(εεηωτ(
1135 2775 1138 2781 .

351 2822 456 2896 XCll.
479 2825 664 2904 Frumento
679 2847 722 2894 ue
741 2841 863 2896 nocent
879 2821 1033 2896 curculio
1045 2873 1056 2909 ,
1068 2846 1135 2893 neu
1152 2847 1264 2897 mures

284 2998 287 3003 .
302 2950 459 3029 tangant,
474 2933 580 3005 lutum
596 2934 637 3004 de
654 2958 789 3005 amurca
804 2934 930 3017 facim,
944 2931 1110 3025 palearum
1126 2929 1266 3024 paulurn

302 3044 438 3132 addito,
454 3043 553 3115 linito
567 3042 792 3123 macerescant
809 3042 912 3127 bene,
926 3042 965 3111 &
988 3035 1135 3135 subigito
1156 3041 1266 3130 bene,

302 3176 348 3224 eo
371 3152 557 3250 granarium
585 3157 695 3225 t'ot'um
722 3151 870 3238 oblinito
899 3150 1005 3224 craffo
1030 3152 1129 3237 luto,
1151 3151 1266 3245 postea

302 3262 519 3360 conspergito
535 3288 668 3336 amurca
684 3288 786 3336 omne
796 3263 891 3358 quod
903 3259 1074 3333 lutaveris.
1085 3259 1154 3330 Ubi
1167 3285 1269 3331 arue-

269 3368 372 3463 ·'rit,
395 3369 907 3468 eofrumentum'refrigeratum
934 3368 1267 3456 condito,curculio
1321 3406 1325 3417 ·
1370 3376 1394 3465 J
1492 3404 1496 3411 ·

304 3502 378 3550 non
403 3478 550 3551 nocebit.
863 3484 866 3493 ’

355 3587 478 3660 XClll.
509 3589 594 3662 Olea
619 3587 643 3657 fi
667 3587 808 3658 fruclum
836 3600 908 3656 no'n
930 3583 1034 3672 feret,
1058 3583 1268 3685 ablaqueato.

305 3694 422 3765 Postea
452 3695 628 3768 stramenta
659 3695 922 3788 circumponito.
953 3693 1069 3765 Postea
1101 3717 1267 3784 amurcam

305 3798 385 3875 cunt
411 3830 497 3902 aqua
528 3804 749 3879 commisceto
775 3829 888 3900 aequas
915 3822 1034 3898 partes.
1063 3801 1198 3873 Deinde
1225 3796 1270 3870 ad
1373 3814 1375 3818 ’

306 3916 419 3987 oleam
443 3917 735 4004 circumfundito‚
756 3918 797 3988 ad
827 3918 984 3988 arborem
1011 3912 1185 3983 maiomam
1209 3936 1270 3980 ur·

306 4048 387 4098 nam
406 4027 587 4101 commixti
607 4025 653 4101 sat
672 4024 729 4103 eu
751 4027 805 4100 ud
818 4029 971 4125 minores
985 4023 1120 4091 arbores
1136 4044 1200 4118 pro
1215 4044 1271 4093 ra·
1305 4117 1309 4125 ι

987 4130 1077 4204 D2
