3509 5084
1157 386 1202 431 N

398 590 468 660 240
542 510 1217 638 M.TERE'N111VARRON13

397 733 436 805 &
459 726 666 800 vermiculos
686 723 818 818 ejicere.
843 723 1007 794 Praeterea
1033 739 1071 793 ut
1090 720 1371 808 animadvertat,

397 866 441 912 ne
459 839 563 937 reguli
579 835 688 930 plures
707 832 862 907 exrissant
879 859 889 904 ε
908 833 1045 905 inutiles
1058 833 1150 904 enim
1175 828 1266 900 fiunt
1284 852 1372 924 pro-

399 969 474 1047 pter
497 944 688 1019 seditiones.
708 943 766 1029 &,
782 959 820 1013 ut
845 940 982 1037 quidam
1006 942 1145 1022 dicunt,
1164 938 1225 1010 tria
1246 961 1372 1040 genera

401 1085 479 1133 cum
504 1057 567 1128 srnr
588 1056 713 1128 ducum
736 1053 771 1123 in
794 1053 934 1146 apibus,
950 1052 1065 1149 niger,
1080 1051 1206 1140 ruber,
1229 1048 1372 1134 varius;

398 1187 437 1241 ut
451 1173 661 1240 Menecrates
673 1160 786 1235 scribit
801 1162 885 1248 duo,
899 1162 1009 1258 niger,
1022 1165 1059 1234 &
1074 1159 1211 1232 varius:
1227 1158 1288 1256 qui
1303 1157 1373 1245 ita,

401 1282 550 1366 melior;
570 1299 608 1351 ut
628 1260 786 1372 expediat
805 1273 1074 1360 mellari0,cum
1093 1273 1162 1342 duo
1175 1271 1242 1342 fint
1254 1271 1374 1343 eadem

401 1396 508 1479 alvo,
526 1389 715 1464 interficere
730 1387 885 1483 nigrum,
900 1410 999 1481 quem
1016 1383 1077 1457 scit
1091 1384 1171 1457 c‘urn
1192 1385 1306 1455 altero
1321 1407 1376 1455 re·

403 1533 445 1606 ge
460 1505 522 1578 effe
541 1500 755 1584 seditiosum,
773 1501 811 1570 &
825 1519 1045 1591 corrumpere
1058 1494 1195 1583 alvum,
1210 1494 1312 1591 quod
1324 1493 1376 1564 fn·

401 1636 483 1716 get,
503 1639 559 1686 aut
581 1638 658 1685 curn
673 1608 889 1681 multitudine
906 1606 1051 1704 fugetur.
1072 1609 1129 1678 De
1145 1605 1289 1702 reliquis
1301 1606 1374 1703 api·

402 1730 465 1801 bus
480 1722 610 1816 optima
623 1719 668 1789 est
683 1726 804 1810 parva,
823 1716 940 1803 varia,
954 1716 1112 1788 rotunda.
1128 1719 1214 1802 Fur,
1230 1715 1296 1811 qui
1312 1738 1376 1788 vo·

327 1879 330 1883 -
402 1854 498 1911 catur
518 1833 560 1902 ab
583 1828 657 1900 aliis
678 1827 797 1915 fucus,
812 1826 897 1897 alter
916 1825 981 1912 est,
1003 1825 1074 1898 lato
1097 1846 1227 1898 ventre.
1243 1825 1375 1922 Vespa,

405 1971 485 2044 quae
500 1940 748 2014 similitudinem
768 1939 867 2012 habet
883 1938 976 2034 apis,
990 1962 1100 2034 neque
1115 1936 1209 2009 socia
1228 1937 1278 2009 est
1292 1961 1376 2033 ope·

404 2059 471 2146 ris,
491 2059 529 2128 &
552 2076 676 2126 nocere
693 2051 776 2122 solet
797 2049 932 2139 morsu,
949 2074 1049 2146 quam
1070 2074 1150 2144 apes
1172 2049 1242 2122 ase
1270 2049 1375 2122 secer·

404 2188 502 2241 nunt.
523 2168 580 2254 Eae
602 2164 761 2235 differunt
783 2160 870 2233 inter
891 2160 945 2247 se,
972 2184 1048 2256 qnae
1070 2159 1173 2244 ferae,
1189 2163 1229 2234 &
1249 2159 1376 2233 cicures

406 2277 494 2363 sunt.
515 2276 617 2346 Nunc
638 2272 723 2343 feras
738 2271 837 2357 dico,
849 2295 927 2365 qua:
942 2267 983 2340 in
998 2267 1204 2340 fitvestribns
1218 2268 1308 2342 locis
1322 2293 1376 2363 pa·

405 2388 547 2470 scitam,
568 2381 723 2464 cicures,
744 2404 821 2476 quae
842 2377 877 2448 in
902 2375 1011 2450 cultis.
1029 2376 1207 2450 Silvestres
1229 2378 1376 2451 minores

407 2490 730 2588 sunt'magnitndine
740 2543 753 2576 ‚
772 2491 809 2560 &
823 2487 961 2582 pilosae,
978 2485 1034 2557 sed
1053 2483 1195 2579 opifices
1212 2488 1330 2587 magis.
1344 2492 1376 2559 ln
1396 2571 1399 2574 ,

408 2603 556 2676 emendo
574 2617 738 2671 emtorem
766 2599 883 2669 videre
905 2601 1063 2692 oportet,
1079 2598 1216 2670 valeant
1229 2651 1241 2684 ,
1256 2625 1302 2671 an
1320 2599 1377 2670 tint

336 2792 347 2813 Ι,
409 2737 516 2807 aegrae.
536 2708 691 2779 Sanitatis
713 2708 865 2804 figna,fi
889 2707 964 2778 sunt
983 2705 1177 2801 frequentes
1199 2710 1237 2780 in
1259 2710 1377 2783 e'xarni·

274 2886 279 2895 .
350 2902 358 2919 Ι
410 2816 1258 2913 ηε,ἂῇηὶῐὶἀωὸιΐιοριιε,φιοάῐεεὶιιηῐ,ἐίὶ
1272 2845 1378 2919 aequa·

397 2930 532 3011 ¹bileac
549 2929 637 3003 leve.
651 2928 763 3001 Minus
781 2927 968 3001 valentium
987 2927 1098 3022 signa,
1113 2929 1136 2999 sr
1151 2929 1230 3001 sunt
1249 2933 1379 3026 pilosa,

412 3047 452 3131 ὃ(
473 3041 638 3125 horridae,
652 3059 690 3110 ut
707 3040 976 3136 pulverulenrae,
994 3039 1054 3110 nisi
1072 3037 1203 3136 opificii
1216 3067 1276 3114 eas
1292 3062 1381 3141 urget

412 3173 554 3245 tempus.
572 3169 643 3221 tum
658 3150 748 3221 enim
769 3170 912 3245 propter
932 3151 1083 3221 laborem
1106 3150 1331 3247 asperantur,
1347 3178 1380 3224 ac

414 3257 619 3334 macescunt.
642 3259 677 3330 Si
696 3259 936 3331 transferendae
952 3260 1029 3331 sunt
1050 3260 1121 3330 aivi
1144 3261 1180 3330 in
1203 3262 1309 3334 alium
1332 3264 1382 3333 lo·

415 3395 523 3456 cum,
546 3367 580 3438 id
608 3366 717 3441 facete
740 3368 919 3464 diligenter
948 3388 1111 3466 oportet,
1139 3374 1176 3443 &
1204 3392 1383 3467 tempora,

416 3480 541 3576 quibus
561 3477 595 3548 id
609 3478 813 3573 potissimum
828 3477 952 3563 facias,
972 3479 1336 3570 animadvertendum
1352 3486 1383 3556 &

386 3656 390 3675 ἶ
414 3589 516 3677 loca,
534 3613 607 3684 quo
630 3586 834 3674 transferas,
856 3589 982 3661 idonea
998 3589 1267 3683 providendum.
1286 3594 1384 3662 Tem·

351 3794 354 3799 Ι
417 3723 525 3797 pora,
539 3719 578 3767 ut
593 3722 702 3769 verno
725 3698 859 3790 potius,
874 3724 974 3793 qnam
991 3701 1153 3783 hiberno,
1167 3702 1268 3794 qnod
1282 3701 1385 3773 hieme

417 3806 602 3881 difficulter
628 3807 871 3895 consuescunt,
885 3834 955 3903 qno
977 3808 1051 3879 sunt
1064 3808 1255 3896 translatas,
1272 3835 1387 3882 mane·

419 3942 456 3990 re
471 3944 480 3988 :
494 3916 605 4011 itaque
627 3915 759 4013 fugiunt
774 3917 981 4009 plerumque.
994 3917 1026 3988 Si
1042 3942 1060 3986 e
1074 3917 1169 3987 bono
1184 3918 1271 3991 loco
1286 3917 1386 3992 trans·

421 4029 537 4103 tuleris
556 4054 622 4124 eo,
640 4029 700 4104 ubi
720 4028 843 4104 idonea
858 4029 1030 4125 pabulario
1050 4028 1215 4123 nonest,
1234 4031 1386 4131 fugitiva
