3509 5084
450 564 518 616 civ
657 546 708 616 M.
735 535 853 614 TER.
880 546 1189 617 VARRONIS

448 703 493 784 b,
508 726 574 790 cap.
598 703 627 768 6
637 699 747 790 refert)
769 705 916 770 tribuente
935 702 1103 797 Pompeio,
1118 705 1292 796 reportarit.
1305 705 1395 776 Plin.

402 872 405 877 .
446 811 501 878 lib.
521 838 560 906 7,
574 839 642 902 cap.
660 812 726 907 χι
750 814 795 883 Μ.
820 811 1005 900 Varronis,
1026 811 1061 881 in
1079 811 1306 900 bibliotheca,
1318 835 1401 910 ⁸quae

445 915 554 1010 prima
576 918 610 989 in
631 922 715 990 orbe
733 919 776 990 ab
789 917 907 992 Afinio
929 919 1085 991 Pollione
1098 943 1139 991 ex
1154 920 1319 992 manubiis
1332 944 1398 1015 pu·

444 1022 567 1096 blicuta
587 1028 708 1131 Rornae
722 1026 789 1117 en,
807 1027 908 1100 unius
923 1028 1072 1102 viventis
1085 1029 1191 1126 posita
1204 1029 1321 1127 imago·
1332 1029 1399 1103 est:

445 1133 534 1206 haud
559 1135 713 1226 minore,
730 1157 768 1210 ut
792 1139 948 1235 equidem
967 1163 1070 1230 reor,
1094 1141 1221 1238 gioria,
1243 1139 1399 1237 principe

446 1267 582 1318 oratore
596 1249 635 1319 &
646 1247 741 1343 eive,
756 1273 799 1320 ex
814 1248 870 1320 illa
884 1247 1117 1342 ingeniorum,
1130 1275 1206 1348 quae
1219 1272 1301 1323 runc
1314 1247 1399 1339 fuit,

445 1353 682 1445 multitudine,
700 1355 758 1428 uni
776 1356 862 1430 hanc
881 1379 1044 1430 coronam
1065 1358 1190 1448 dante,
1203 1383 1302 1456 quatu
1319 1381 1398 1430 cunt

445 1463 553 1537 eidem
567 1467 708 1565 Magnus
721 1465 904 1562 Pompeius
921 1466 1063 1562 piratico
1077 1492 1119 1538 ex
1135 1468 1227 1539 bello
1243 1468 1399 1541 navalem

446 1574 547 1647 dedit.
566 1579 634 1646 Lib.
652 1581 706 1665 r6‘‚
726 1606 794 1672 cap.
814 1603 864 1670 4:
888 1578 1023 1653 Cedunt
1046 1569 1251 1676 (militibus,
1273 1584 1399 1653 uirtutis
1488 1640 1495 1656 .

446 1685 564 1784 insigne
583 1685 799 1783 elarifflmunt,
821 1684 965 1787 torona)
986 1691 1025 1761 &
1048 1688 1220 1778 rostratae,
1241 1687 1399 1786 quamvis

445 1790 481 1863 in
501 1793 634 1867 duobus
655 1797 799 1881 maxime
811 1799 853 1870 ad
872 1796 1015 1871 bocaeui
1033 1796 1255 1895 celebreer.
1269 1800 1400 1868 Varro·

445 1923 489 1971 ne
507 1925 526 1972 e
544 1900 691 1996 piraticis
709 1906 828 1995 bellis,
839 1908 938 1978 dante
952 1910 1080 2004 Magno
1095 1904 1281 2001 Pompeio;
1298 1904 1399 1976 item·
1448 1911 1450 1913 ’

388 2009 393 2023 ¹
445 2034 513 2107 que
535 2014 582 2084 M.
600 2014 767 2110 Agrippa,
787 2013 954 2088 tribuente
975 2015 1106 2097 caesare
1125 2040 1144 2090 e
1163 2014 1283 2090 Siculis
1296 2066 1309 2103 ,
1321 2039 1400 2112 quae
1483 2073 1487 2094 -.

446 2120 484 2198 &
510 2120 579 2216 ipsa
600 2122 739 2218 piratica
758 2118 865 2200 fuere.

507 2237 541 2307 C.
563 2237 695 2306 Claudio
726 2238 905 2323 Marcello,
928 2240 966 2308 L.
985 2234 1131 2305 Cornelio
1157 2238 1289 2306 Lentulo
1318 2227 1406 2331 Coff.¹

400 2375 404 2387 =
446 2370 532 2413 anno
556 2347 655 2414 Urbis
671 2337 758 2443 704,
773 2349 884 2416 mundi
901 2369 1010 2443 3901,
1031 2366 1103 2413 ante
1119 2345 1156 2412 C.
1177 2346 1223 2412 N.
1239 2371 1309 2438 47,
1325 2342 1401 2428 iarn

441 2454 613 2547 sexaginta
623 2453 739 2545 septem
753 2456 1033 2547 annorumsentx,
1046 2478 1116 2520 cum
1137 2453 1242 2544 Cesar
1256 2447 1401 2521 &Pont-

442 2558 555 2652 ptjus,
569 2561 640 2628 belli
660 2563 764 2631 civilis
784 2561 942 2649 aussores,
961 2560 999 2630 de
1019 2563 1201 2653 principatu
1225 2581 1398 2649 certarent,

445 2668 588 2760 Pompeii
601 2672 794 2762 proconsulis
807 2673 842 2740 in
860 2673 1026 2764 Hispanirt
1040 2675 1179 2762 legatus,
1199 2671 1238 2739 L.
1257 2667 1399 2757 Afranio

445 2771 479 2845 6*
491 2779 539 2847 Μ.
554 2776 674 2862 Petreio
686 2781 826 2873 collegis,
837 2803 912 2850 erat.
928 2782 1112 2849 Ulteriortm
1126 2777 1335 2870 Hispaniam,
1349 2780 1400 2850 cui

441 2910 590 2986 praerat,
611 2914 679 2957 curn
697 2889 842 2980 aduersus
860 2887 1008 2980 Casuram
1029 2889 1107 2957 tueri
1122 2915 1186 2957 non
1204 2893 1336 2975 ualeret,
1355 2892 1400 2957 le·

444 2997 575 3091 gionanr
579 2994 675 3086 fitam
698 2989 812 3088 Coefirri
824 2997 985 3082 tradebat,
997 3019 1020 3062 a
1039 3020 1098 3089 qao
1117 2997 1327 3065 dimittebatur
1347 2996 1401 3063 in·

446 3110 588 3178 columis.
613 3110 781 3179 Suetonius
798 3109 835 3176 in
858 3107 973 3198 Casan
998 3131 1065 3201 cap.
1086 3130 1158 3201 34:
1178 3103 1402 3176 Validiffimas

445 3211 601 3311 Pompeji
613 3212 748 3310 copias,
763 3238 837 3309 quae
849 3211 908 3285 sub
920 3210 1025 3286 tribus
1039 3211 1229 3310 legatis,M.
1243 3210 1399 3306 Petreio,

445 3329 485 3402 δι
510 3330 548 3415 L.
569 3322 731 3416 Afranio,
748 3324 786 3399 &
807 3326 858 3399 M.
880 3325 1035 3395 Varrone
1053 3322 1086 3394 in
1107 3320 1263 3417 Hispania
1282 3341 1400 3412 erant„

445 3431 579 3505 invasu.
600 3435 854 3533 Eutropiuslib.
880 3437 920 3520 θ,
938 3459 1006 3528 cap.
1031 3457 1098 3611 tp:
1117 3430 1197 3502 inde
1221 3429 1399 3526 Hispanias

448 3536 600 3640 (Cesar)
625 3543 732 3634 petiit.
753 3539 802 3614 lbi
822 3527 977 3637 Ptimpeji
992 3564 1054 3614 exe
1071 3538 1157 3613 citus
1181 3539 1400 3617 validissimos
1498 3612 1501 3616 ,

447 3646 731 3734 &'sortiss1mos‚
751 3675 827 3728 cunr
854 3649 961 3726 tribus
981 3647 1148 3738 ducibus,
1168 3652 1206 3721 L.
1233 3645 1399 3737 Afranio,

446 3763 496 3832 M.
515 3754 673 3851 Petreio,
694 3761 742 3829 M.
766 3761 922 3827 Varrone
947 3754 1125 3848 superavit.
1148 3758 1336 3827 Plutarchus
1349 3754 1399 3848 {in
1439 3799 1443 3807 -

449 3857 579 3962 Caesaris
601 3873 687 3957 uita,
702 3867 886 3938 Hermanno
900 3865 1035 3970 Crnserio
1050 3868 1230 3959 interpreter
1251 3863 1342 3936 Hinc
1361 3863 1399 3935 in

447 3976 643 4074 Hispaniam
665 4002 742 4072 cunr
762 3972 910 4051 exercitu
933 3972 1103 4072 profanus
1129 3973 1195 4068 eb,
1216 3974 1309 4072 prius
1331 3974 1398 4048 sta·
