3509 5084
453 526 504 608 ιι
600 464 1037 626 irruamus
1087 510 1293 588 erro

454 674 631 772 profanata
652 674 867 772 comellaque
889 673 973 760 etit,
993 697 1101 745 veruo
1127 699 1219 747 arare
1241 671 1415 768 incipito}

412 821 414 826 2
456 786 496 856 δι
522 784 598 855 loca
619 783 764 875 primum
793 800 910 867 arare,
937 807 1014 877 quae
1037 781 1205 854 siccissima
1227 801 1352 855 eruut:
1376 783 1416 854 δι

454 882 534 987 'quae
547 876 732 963 crassissima
748 892 785 963 δι
800 889 1008 986 aquosrlsrma
1024 905 1139 979 erunt,
1154 915 1192 962 ea
1205 889 1414 987 postremum

457 1018 570 1086 arato,
588 998 667 1071 dum
688 1015 732 1071 ne·
749 997 841 1093 prius
863 996 1094 1070 obdurescant.

508 1111 562 1181 Ll.
584 1107 784 1205 propagatio
800 1128 1006 1203 pomorum,
1020 1107 1156 1178 aliarum
1171 1107 1339 1180 arborum.
1361 1072 1418 1178 Ati

459 1213 582 1289 arbore
601 1215 659 1289 abs
672 1236 757 1288 terra
775 1215 857 1309 pulli
876 1240 936 1312 qur
924 1214 1146 1301 nascentur,
1160 1238 1219 1286 eos
1239 1215 1417 1288 interram

458 1324 660 1427 deprimito‚
675 1325 898 1422 extollitoque
919 1311 1103 1421 primorem
1124 1342 1279 1420 partem,
1296 1326 1347 1398 uti
1363 1351 1419 1398 ra-

371 1481 375 1488 ·
456 1414 568 1508 (sicem
584 1436 710 1531 capiat:
701 1433 954 1507 ·indebiennio
972 1434 1047 1530 post
1061 1433 1203 1506 effodito
1211 1432 1420 1530 ,seritoque.

366 1562 375 1576 ‘
457 1542 895 1636 Ficum,oleam·,malum
912 1540 1098 1628 Punicum,
1120 1542 1422 1627 cotoneum‚alia·
1491 1536 1496 1549 ²

460 1652 528 1746 que
549 1652 644 1739 mala]
657 1653 795 1741 omnia,
816 1653 968 1743 laurum,
983 1668 1158 1750 myrtum,
1173 1676 1274 1750 nuceo
1291 1653 1422 1724 Ptaene·

460 1756 562 1829 {linas
574 1811 587 1849 ,
613 1758 796 1859 platanum.
817 1762 900 1832 Haec
927 1758 1041 1831 omnia
1069 1758 1216 1852 acapite
1242 1758 1421 1856 propagari
1442 1758 1465 1835 ’,

461 1864 656 1960 eximique,
673 1862 801 1964 setique
821 1868 943 1939 eodem
962 1867 1069 1940 modo
1083 1883 1241 1962 oportet.

512 1978 579 2061 Lll.
600 1978 691 2070 Quae
709 1977 903 2074 diligentius
921 1976 1102 2075 propagari
1123 1977 1242 2067 voles,
1257 1977 1292 2048 in
1308 1976 1422 2065 aulas,

463 2085 577 2160 autin
601 2086 719 2183 qualos
740 2087 892 2183 pertusos
913 2087 1092 2185 propagari
1109 2105 1269 2183 oportet,
1292 2089 1329 2160 δι
1345 2109 1423 2159 cum

460 2192 506 2266 iis
526 2193 562 2264 in
585 2193 735 2269 scrobem
760 2197 881 2270 deserti
895 2217 1050 2296 oportet.
1071 2200 1114 2270 ln.
1132 2197 1336 2285 arboribus,
1362 2194 1422 2266 ubi

465 2302 594 2376 radices
615 2306 748 2400 capiant
761 2300 779 2396 ,'
793 2306 933 2382 calicem
954 2305 1149 2405 pertundiro
1175 2330 1235 2402 per
1257 2304 1424 2394 fundum,
1475 2375 1478 2379 ,

464 2418 524 2485 aut
542 2412 687 2513 qualum.
708 2439 861 2505 ramum,
878 2441 978 2514 quem
999 2416 1144 2490 radicem
1164 2439 1282 2510 capere
1304 2412 1425 2502 voles,

465 2520 628 2616 trajicito
645 2526 730 2597 Eum
751 2525 912 2628 qualum,
927 2547 984 2598 aut
998 2527 1136 2600 calicem
1150 2544 1239 2597 terra
1258 2523 1427 2617 impleto,

466 2633 667 2732 calcatoque
689 2634 799 2724 bene,
826 2633 863 2706 in
884 2636 1040 2708 arborem
1067 2632 1262 2729 relinquito⁸
1284 2632 1390 2707 Ubi
1381 2650 1427 2704 ita

466 2742 589 2839 suerit,
608 2766 737 2817 ramum
758 2741 818 2814 sub
834 2744 937 2840 qualo
957 2741 1143 2838 ptaeciditO.
1167 2743 1348 2837 Qualum
1338 2741 1427 2816 mci·

464 2832 544 2947 'ulto
567 2880 609 2928 ex
631 2881 698 2928 una
719 2872 812 2953 parte
835 2872 1046 2952 perpetuum.
1066 2851 1090 2923 st
1111 2854 1198 2924 vero
1225 2850 1311 2924 calix
1334 2852 1427 2943 erit,

466 2962 701 3059 conquassato.
718 2988 796 3038 cum
818 2986 862 3035 eo
882 2960 1008 3058 qualo,
1020 2980 1077 3031 aut
1094 2957 1199 3032 calice
1221 2958 1257 3030 in
1274 2957 1427 3031 scrobem
1500 3008 1503 3013 -

464 3070 604 3169 ponito.
618 3073 746 3145 Eodem
760 3071 868 3144 modo
880 3070 993 3153 *vitem
1008 3067 1134 3154 facito,
1148 3093 1221 3140 eam
1245 3092 1336 3139 anno
1353 3067 1428 3162 post

468 3175 668 3276 praecidio,
682 3177 852 3276 seritoque
874 3202 951 3253 cum
965 3177 1080 3279 qualo.
1102 3175 1180 3251 Hoc
1194 3173 1316 3265 modo,
1333 3175 1429 3272 quod

467 3307 572 3384 genus
596 3283 671 3371 vis,
687 3285 899 3384 propagabis.

516 3394 598 3468 Llll.
620 3395 787 3483 Foenum,
808 3394 867 3466 ubi
886 3413 1018 3489 tempus
1041 3389 1125 3478 erit,
1140 3388 1429 3475 secato‚'caveto·
1485 3465 1487 3469 ,

466 3526 554 3601 que,
571 3525 612 3573 ne
627 3501 701 3576 sero
715 3503 813 3580 seces.
832 3505 1027 3601 Priusquam
1041 3500 1153 3573 semen
1166 3515 1330 3569 maturum
1352 3497 1429 3587 siet,

468 3613 594 3696 secato,
608 3612 644 3685 δι
655 3615 749 3709 quod
760 3614 927 3707 optimum
941 3614 1076 3688 foenum
1094 3611 1169 3699 erit,
1184 3609 1329 3682 seorsum
1343 3610 1430 3681 con-

388 3737 391 3746 '
468 3721 555 3799 dito.
568 3719 630 3792 Pet
651 3745 713 3795 ver
726 3745 803 3794 cum
818 3721 959 3793 arabunt
968 3739 1217 3883 ,antequam
1196 3716 1358 3806 ocinum,
1370 3715 1430 3787 des

468 3808 567 3931 quod
590 3831 703 3902 edunt.

517 3944 603 4069 LIV.
620 3942 733 4097 Bubus
755 3938 914 4090 pabulum
939 3941 1008 4017 hoc
1032 3873 1141 4015 modo
1161 3918 1269 4039 parari
1258 3934 1430 4036 darique
1475 3926 1477 3934 ’
