3509 5084
486 565 511 620 c
560 559 572 586 ⁸
673 547 723 618 Μ.
758 547 887 616 TER.
921 551 1249 624 VARRONIS

484 701 639 798 idemque
664 699 899 774 eruditiffimus
921 703 957 775 dc
971 703 1086 800 graecis
1101 703 1224 794 literis,
1242 710 1280 782 δι
1300 706 1411 782 latinis
1419 733 1436 797 ι

457 883 462 902 ,
483 809 753 908 antiquitatisque
772 811 896 885 nostrae
909 815 947 888 dc
971 815 1006 886 in
1025 817 1173 890 inventis
1192 820 1310 908 rebus,
1333 823 1371 894 δι
1400 823 1436 894 in

481 923 575 1012 adis,
589 920 858 1020 scriptorumque
867 945 1021 1000 veterum
1035 927 1162 1002 literate
1177 930 1446 1026 petitus.Quam-

302 1043 304 1045 ’
327 1140 332 1155 ,
361 1076 364 1082 ·
481 1032 650 1111 scientiam
666 1035 778 1106 Varro
796 1031 914 1120 ,noster
928 1060 1097 1133 acceptam
1121 1040 1163 1110 ab
1186 1039 1269 1128 illo,
1287 1035 1462 1115 auctam·x

480 1175 550 1247 que
577 1169 637 1240 pet
658 1144 745 1236 sese,
770 1145 826 1219 vir
842 1145 980 1243 ingenio
1002 1151 1158 1244 praelians
1184 1150 1345 1246 omnique
1371 1154 1437 1224 do·

479 1258 608 1344 staina,
629 1254 780 1352 pluribus
801 1257 838 1326 &
859 1254 1091 1327 illustrioribus
1113 1257 1217 1331 literis
1243 1258 1437 1354 explicavit:

478 1372 544 1446 Sed
562 1367 650 1438 idem
667 1363 772 1438 AElius
788 1362 923 1435 Stoicus
942 1363 1006 1434 esse
1030 1365 1167 1453 volui13
1189 1387 1303 1442 orator
1322 1387 1434 1440 autem

478 1505 543 1557 nec
558 1474 681 1548 studuit
700 1495 868 1566 unquam,
886 1495 948 1545 nec
965 1469 1038 1543 suit.
1049 1474 1221 1547 Scribebat
1234 1495 1344 1549 tamen
1359 1502 1434 1548 ora·

480 1592 609 1668 tiones,
620 1605 706 1710 quas
725 1578 782 1653 alii
802 1578 971 1665 dicerent3
986 1597 1024 1651 ut
1044 1584 1091 1672 Q.
1110 1584 1251 1656 Metello
1274 1583 1309 1658 F.
1331 1604 1367 1658 ut
1386 1590 1437 1677 Q

476 1699 572 1796 Caep‘
565 1694 637 1771 roni
645 1693 764 1782 ,th.
776 1686 941 1784 Pompelo
955 1689 1067 1762 Rufo
1059 1717 1279 1788 quamquam
1294 1719 1321 1765 ts
1332 1712 1432 1769 ettam

479 1811 552 1906 ipse
543 1728 697 1896 pscripstt
718 1825 771 1872 eas
782 1798 931 1897 ,quibus
951 1824 1015 1895 pto
1040 1797 1071 1872 se
1092 1799 1139 1872 est
1163 1802 1259 1890 usus,
1282 1802 1336 1875 sed
1361 1831 1432 1878 non

479 1919 550 1992 stne
577 1911 677 1985 AElio.
704 1909 764 1979 His
784 1905 873 1978 enim
903 1903 1032 2000 scriptis
1050 1906 1154 1979 etiam
1180 1907 1249 2005 ipse
1272 1908 1432 1998 interfui,

478 2048 558 2100 cum
575 2017 671 2091 essem
690 2012 776 2108 apud
798 2011 921 2083 AElium
941 2009 1132 2085 adolescens
1140 2038 1306 2106 ,eumque
1319 2016 1433 2088 audite

479 2112 681 2232 perstudiose
699 2122 851 2194 solerem.
868 2124 945 2216 Cap.
937 2148 1026 2220 .9.·ι
1042 2125 1130 2195 Cum
1148 2123 1307 2206 venissem
1324 2125 1433 2196 Athe·

478 2263 559 2325 naS,
581 2236 634 2307 sex
657 2230 784 2305 menses
805 2255 881 2303 cum
897 2230 1089 2320 Antiocho,
1105 2232 1227 2304 vetetis
1242 2232 1432 2303 Academiae

477 2349 687 2428 nobilissimo
709 2344 935 2440 philosopho,
959 2343 1027 2432 fui,
1048 2344 1257 2441 studiumque
1281 2345 1434 2438 philoso-

478 2459 567 2559 phiae
587 2477 754 2548 nunquam
766 2449 1003 2531 intermissum,
1016 2475 1036 2522 a
1051 2451 1222 2546 primaque
1237 2452 1433 2524 adolescen.

477 2572 524 2646 tia
544 2566 689 2645 cultum.
704 2566 739 2635 δι
762 2562 889 2654 semper
909 2561 1063 2648 audium,
1082 2562 1149 2634 hoc
1167 2558 1276 2632 rursus
1299 2560 1430 2634 summo

477 2681 614 2754 audiorc
633 2676 680 2746 δι’
686 2670 827 2742 dodone
846 2667 1025 2740 renovavi.
1043 2673 1146 2740 Lilar
1171 2673 1430 2740 Academicorum

476 2791 690 2888 questionum,
704 2807 820 2885 cap.3
832 2785 877 2851 ad
893 2784 1085 2851 Varronem:
1100 2778 1244 2852 Aristum
1258 2779 1473 2911 (Brutus)

476 2896 620 2975 Athenis
640 2889 771 2966 audivit
793 2880 1015 2986 aliquamdiu,
1028 2882 1123 2981 cujus
1144 2906 1181 2959 tu
1198 2885 1331 2959 fratrem
1355 2871 1473 2957 An-

476 3006 642 3081 tiochum.
654 3006 907 3090 Ibidrmcap.4.·
928 2995 1340 3093 Quidiergo,1nquam,
1357 2999 1431 3067 An·

476 3115 599 3191 tiocho
614 3112 648 3183 id
661 3109 765 3206 tnagis
780 3107 930 3195 licuerit,
940 3104 1057 3179 nostro
1077 3102 1252 3195 familiari,
1270 3103 1430 3201 remigra-

475 3250 513 3298 re
533 3225 568 3296 in
585 3222 722 3293 domum
741 3232 920 3286 vetereme
941 3238 1169 3310 nova,quam
1187 3214 1287 3286 nobis
1306 3215 1341 3286 in
1362 3241 1428 3287 no·

474 3357 553 3429 pam
570 3354 588 3402 e
602 3325 738 3399 vetere?
752 3325 852 3395 Certe
866 3321 956 3394 enim
968 3321 1187 3395 recentissima
1201 3347 1342 3418 quaeque
1354 3324 1429 3396 sunt

474 3439 625 3518 corredla
649 3438 686 3510 δι
713 3433 887 3506 emendata
915 3431 1072 3505 maxime.
1106 3434 1321 3529 Quamquam
1358 3441 1428 3505 Att-

391 3566 393 3571 ’
474 3537 581 3622 tiochi
601 3544 752 3642 magister
773 3541 894 3632 Philo,
916 3565 1056 3638 magnus
1070 3538 1144 3630 vir,
1158 3561 1194 3612 ut
1208 3560 1243 3613 tu
1260 3539 1428 3615 existimas

455 3658 560 3758 'ipse,
580 3673 715 3748 negaret
732 3653 767 3723 in
787 3652 880 3736 libris
901 3650 1019 3748 (quod
1042 3675 1155 3724 coram
1177 3652 1277 3723 etiam
1294 3674 1335 3720 ex
1350 3649 1426 3744 ipso

473 3758 711 3856 audiebamus)
738 3761 819 3848 duas
844 3758 1035 3830 Academias
1056 3759 1131 3833 elle.
1151 3762 1270 3831 Paucis
1291 3764 1428 3852 interpo-

463 3871 653 3976 firmatim
672 3895 756 3942 vero
778 3868 830 3939 ille
844 3865 1018 3966 (Varro),
1035 3869 1128 3960 Quid
1143 3868 1189 3939 est
1203 3867 1311 3954 enim,
1328 3868 1425 3962 quod

346 4053 348 4056 ι
386 4049 388 4055 .
444 3987 448 4005 ’
472 3981 606 4072 malim,
622 4003 723 4078 quarn
742 4001 784 4050 ex
806 3975 982 4051 Antiocho
1002 3974 1069 4071 jam
1091 3975 1219 4074 pridem
1239 3964 1351 4048 audita
1372 4001 1425 4049 ra·
