3509 5084
427 582 468 595 ’-
539 562 1170 665 Dtatnoartcn.
1301 599 1349 671 47

390 755 436 804 ne
453 729 566 803 mollis
587 719 672 810 eris,
684 723 721 796 in
741 721 938 795 mortarium
961 747 1081 817 purum
1096 723 1228 814 indito,
1247 718 1351 800 sicca.
1419 817 1422 822 ι

390 861 498 938 toque
513 839 608 911 bene.
622 832 758 908 Deinde
775 831 929 905 manibus
944 832 1087 926 depsrto.
1110 832 1168 904 ubi
1181 834 1266 906 bene
1281 835 1352 909 sut>

390 950 498 1022 atrum
519 947 598 1031 erit,
612 941 730 1016 farinae
745 962 777 1012 t..
792 962 847 1011 1v.
864 939 1023 1037 paulatim
1035 941 1162 1013 addito.
1175 942 1209 1013 id
1224 964 1352 1017 utrum·

389 1081 458 1152 que
476 1045 578 1126 traiia
591 1052 704 1126 facito.
723 1054 760 1121 ln
775 1051 899 1146 qualo,
912 1049 969 1121 ubi
983 1051 1154 1140 arescant,
1170 1057 1353 1150 componi·

389 1181 441 1235 to.
462 1162 522 1233 ubi
536 1161 695 1246 arebunt,
712 1157 915 1254 componito
930 1158 1072 1252 puriter.
1089 1160 1177 1231 Tum
1194 1159 1294 1237 facies
1314 1166 1352 1237 in

390 1270 517 1370 singula
531 1270 644 1342 traiia.
664 1265 721 1339 ubi
736 1265 904 1361 depsueris
912 1319 924 1352 ,
939 1292 1054 1361 panno
1071 1264 1152 1342 oleo
1165 1274 1267 1345 uncio
1280 1294 1354 1346 tan·
1390 1364 1392 1369 Ι

389 1380 484 1476 gito,
497 1382 535 1453 &
550 1379 824 1475 circumtergeto,
834 1375 1045 1473 unguitoque
1059 1377 1116 1450 ubi
1131 1382 1234 1454 tracta
1245 1404 1354 1457 erunt.

390 1495 540 1577 Focum,
552 1487 608 1560 ubi
622 1511 766 1584 coquas,
778 1484 934 1561 calfacito
947 1485 1054 1573 bene,
1068 1486 1249 1562 &testum
1260 1489 1355 1565 Po‘st-.

389 1627 431 1674 ea
457 1601 572 1674 farinae
598 1621 630 1676 L.
648 1621 693 1672 11.
714 1598 948 1697 conspergito,
974 1598 1251 1697 condeptitoque.
1272 1607 1353 1678 Inde
1441 1584 1445 1594 ¹

390 1711 498 1785 facito
520 1711 628 1783 solum
650 1704 751 1783 tenue
773 1708 856 1780 casei
872 1706 975 1779 ovilli
998 1728 1029 1779 Ρ.
1042 1727 1128 1809 xlv..
1154 1734 1196 1781 ne
1217 1712 1353 1787 acidum
1463 1721 1466 1726 '

389 1821 451 1894 stet
464 1825 500 1895 δι
517 1822 602 1893 bene
618 1844 752 1898 recens,
767 1818 801 1888 in
819 1843 939 1914 aquam
954 1816 1076 1889 indito.
1100 1817 1147 1888 ibi
1161 1841 1353 1910 macerato,

392 1956 514 2026 aquam
536 1948 587 2001 ter
607 1946 749 2000 mutato.
767 1927 859 1996 inde·
872 1912 1035 2014 eximito,
1055 1924 1247 2022 ficcatoque
1269 1928 1355 2004 bene

392 2041 553 2138 paulatim
574 2039 749 2123 manibus,
764 2036 887 2110 siccum
909 2034 993 2106 bene
1010 2035 1045 2106 in
1068 2037 1266 2109 mortarium
1288 2040 1355 2112 im·

393 2152 530 2251 ponito,
544 2153 612 2225 Ubi
631 2175 734 2223 omne
749 2151 881 2224 caseum
900 2149 986 2220 hene
997 2146 1197 2238 necaveris,
1212 2150 1248 2222 in
1263 2178 1355 2227 mor·

393 2264 515 2336 tarium
529 2257 648 2358 purum
664 2260 815 2332 manibus
830 2257 1030 2354 condepsrto
1040 2311 1051 2343 ,
1063 2258 1358 2359 comminuitoque

393 2396 495 2467 quant
514 2369 669 2443 maxime.
692 2367 826 2441 Deinde
845 2367 994 2442 cribrum
1014 2364 1211 2460 farinarium
1232 2397 1356 2466 purum

394 2480 538 2566 sumito,
559 2479 758 2574 caseumque
778 2503 838 2573 per
863 2477 1010 2550 cribrum
1034 2476 1139 2552 facito
1158 2481 1299 2554 transeat
1320 2485 1356 2555 in
1452 2531 1455 2536 ·

394 2587 607 2659 mortarium.
633 2586 750 2658 Postea
776 2585 886 2658 indito
909 2586 1016 2659 mellis
1037 2587 1120 2658 boni
1136 2610 1168 2661 r.
1194 2605 1249 2663 1v.
1268 2611 1299 2666 s,
1321 2593 1358 2664 id

394 2720 463 2768 una
480 2697 565 2768 bene
585 2697 804 2769 commisceto
826 2722 903 2769 cum
925 2697 1032 2769 caseo.
1052 2696 1168 2769 Postea
1187 2698 1221 2768 in
1244 2701 1358 2775 tabula

393 2830 498 2901 pura,
512 2831 589 2901 quae
604 2822 712 2900 pateat
724 2829 759 2879 r.
773 2827 799 2878 r.
814 2806 861 2877 ibi
877 2806 1019 2877 balteum
1037 2805 1179 2897 ponito,
1190 2805 1271 2877 folia
1285 2808 1357 2880 lau·

395 2937 450 2985 rea
468 2915 565 2985 uncia
583 2913 790 3011 supponito,
805 2915 991 3009 placentam
1006 2910 1148 3008 fingito,
1161 2915 1281 2984 Tracta
1295 2916 1359 2987 srn-

395 3023 475 3121 gula
500 3023 534 3093 in
559 3041 668 3094 totum
690 3024 797 3095 solum
827 3025 970 3119 primurn
995 3021 1141 3115 ponito,
1169 3021 1291 3096 deinde
1316 3028 1359 3101 de
1411 3036 1413 3041 '

394 3130 562 3204 mortario
576 3133 674 3204 maiia
688 3133 806 3222 linito,
816 3134 918 3205 maiia
931 3131 1047 3203 addito
1061 3129 1267 3228 singulatim,
1276 3131 1357 3207 item

395 3240 496 3313 linito
510 3240 737 3337 usqueadeo,
760 3232 871 3315 donec
893 3264 997 3313 omne
1017 3239 1146 3312 caseum
1169 3265 1245 3313 curn
1259 3244 1359 3316 melle

396 3350 516 3423 adusus
530 3351 603 3424 eris.
628 3357 664 3423 ln
682 3354 845 3424 summum
858 3353 960 3423 traiia
981 3349 1106 3446 singula
1119 3349 1252 3436 indito,
1268 3351 1359 3447 post·

395 3485 436 3533 ea
449 3461 558 3534 solum
573 3462 771 3534 contrahito
790 3479 983 3554 ornatoque
996 3456 1158 3559 focum*
1170 3460 1212 3531 de
1230 3484 1273 3533 ve
1287 3460 1360 3554 pri·
1376 3453 1386 3468 ’

393 3593 474 3656 m0,
488 3587 741 3666 temperatoque
753 3623 765 3658 ‚⁴
775 3589 857 3641 tunc
871 3568 1058 3664 placentam
1073 3565 1255 3662 imponito,
1271 3568 1358 3639 testo
1390 3582 1392 3585 ’

394 3678 496 3751 caldo
520 3681 678 3775 operito,
692 3704 801 3773 pruna
823 3676 977 3773 insuper,
1000 3679 1037 3749 &
1059 3674 1186 3748 circum
1205 3674 1355 3769 operite.

393 3790 538 3878 Virleto,
554 3809 591 3862 ut
613 3792 697 3862 bene
713 3789 879 3865 &otiose
903 3812 1101 3885 percoquas.
1119 3787 1264 3882 aperito,
1277 3786 1357 3857 dum

395 3897 571 3994 inspicias,
592 3899 721 3973 bisant
742 3918 802 3972 ter.
823 3899 884 3971 ubi
909 3899 1005 3971 costa
1028 3900 1111 3981 erit,
1127 3894 1294 3985 eximito,
1317 3897 1357 3970 &

371 4069 374 4074 .
396 4007 496 4080 melle
512 4008 670 4106 unguito.
697 4010 771 4084 hac
791 4007 854 4082 erit
872 4008 1027 4105 placenta
1043 4001 1258 4081 semodialis..
