3509 5084
463 549 508 623 ra
602 520 1047 621 'maortcrus
1098 546 1302 621 curo

511 713 684 783 LXXVII.
708 711 837 805 Spiram
857 709 901 783 sic
919 709 1032 782 facito.
1049 712 1223 801 Quantum
1243 710 1341 783 voles
1354 734 1419 807 pro

462 821 615 906 ratione,
629 820 674 891 ita
697 821 745 891 uri
769 822 921 914 placenta
942 816 999 907 fir,
1021 821 1136 891 eadem
1156 820 1269 892 omnia
1288 818 1418 906 facito,
1515 900 1517 905 ¹

463 927 523 1000 nist
542 927 610 999 alio
639 929 746 999 modo
766 926 886 1024 lingito
913 927 949 998 in
975 926 1050 1000 solo
1073 927 1185 1009 tracia.
1218 953 1296 1000 cum
1320 925 1419 999 melle
1513 928 1518 937 '

434 1035 611 1106 -0innito
635 1037 732 1109 bene.
753 1037 836 1108 Inde
859 1055 1017 1132 tanquam
1034 1035 1145 1108 restim
1164 1038 1277 1114 tractes
1292 1034 1420 1125 facito,

460 1145 508 1218 ita
535 1145 705 1240 imponito
732 1146 767 1217 in
791 1145 889 1236 solo,
910 1144 1310 1240 simplicibus'completo
1333 1145 1421 1216 bene

461 1256 558 1326 arIIe.
572 1257 692 1328 Cetera
706 1255 836 1345 omnia,
847 1254 937 1352 quali
957 1256 1144 1351 placentam
1158 1252 1280 1342 facias,
1294 1251 1421 1348 facitof,

461 1363 684 1459 coquitoque.
832 1408 836 1419 ·
1074 1379 1082 1393 “

508 1474 696 1546 LXXVIII.
717 1471 907 1545 Scriblitam
927 1471 971 1543 lic
984 1469 1100 1544 facito.
1120 1474 1156 1542 ln
1175 1472 1288 1545 balteo
1302 1472 1422 1543 tractes

463 1581 578 1669 case0,
591 1583 632 1653 ad
645 1581 788 1653 eundem
803 1582 943 1655 modum
956 1578 1080 1670 facito,
1093 1581 1142 1652 uti
1154 1581 1341 1677 placentam
1355 1581 1422 1652 fine

432 1692 619 1764 melle.

509 1803 669 1876 LXXIX.
688 1799 827 1876 Glob'os
841 1801 884 1877 sic
898 1800 1014 1875 facito.
1033 1802 1173 1874 Caseum
1192 1828 1270 1875 cum
1284 1801 1368 1874 alica
1381 1801 1423 1888 ad

460 1908 604 1987 eundeln
620 1916 759 1988 modum
782 1914 932 1987 misceto
947 1913 1026 1986 inde
1041 1930 1187 2013 quantos
1202 1915 1299 1985 voles
1312 1913 1423 1987 facere

461 2021 606 2095 facito.
596 2046 637 2113 tn
649 2023 793 2094 ahenum
814 2022 945 2095 caldum
960 2046 1097 2121 unguen
1114 2020 1421 2125 inditquingulos
1482 2102 1487 2107 ,

461 2151 521 2205 aut
541 2133 642 2206 binos
655 2132 816 2230 coquito,
832 2130 1034 2229 versatoque
1047 2132 1170 2219 crebro
1186 2132 1312 2205 duabus
1326 2130 1421 2203 rudi-

459 2245 543 2330 bus,
556 2245 674 2317 collos
695 2243 849 2318 eximito.
865 2267 937 2317 eos
960 2244 1061 2317 tuelle
1082 2243 1252 2342 unguito,
1272 2265 1419 2338 papaver

461 2345 602 2426 in'friato
614 2356 681 2449 ,ita
697 2353 831 2450 ponito.

509 2462 655 2534 LXXX.
679 2467 850 2559 Encytum
864 2463 906 2535 ad
918 2463 1060 2535 eundem
1075 2463 1216 2534 modum
1232 2460 1358 2547 facito,
1370 2455 1435 2531 uti*

460 2572 606 2668 globos,
624 2569 686 2641 nist
697 2571 838 2643 calicem
854 2573 1024 2667 pertusum
1040 2598 1163 2645 cavum
1177 2572 1333 2644 habeat?
1325 2590 1371 2642 tta
1383 2569 1423 2644 in

459 2700 598 2772 unguen
616 2676 748 2750 caldum
769 2676 915 2750 fundito.
935 2680 1113 2750 honestum
1132 2683 1222 2776 quast
1237 2681 1353 2772 spiram
1372 2676 1422 2748 fa

461 2784 546 2857 cito.
572 2783 673 2880 idque
699 2784 826 2856 duabus
852 2765 991 2858 rudibus
1014 2786 1165 2878 versato,
1186 2788 1422 2886 prastatoque.

459 2898 541 2971 item
561 2896 727 2992 unguito,
743 2897 989 2994 colorumque,
1004 2898 1135 2972 caldum
1155 2896 1362 2987 nenimium.
1383 2897 1421 2969 id

461 3032 542 3083 cum
555 3004 679 3094 melle,
691 3025 757 3080 aut
771 3032 847 3080 cum
862 3008 973 3080 mulso
987 3009 1165 3105 apponito.

521 3116 682 3189 LXXXI.
708 3117 858 3189 Erneum
883 3137 1040 3213 tanquam
1066 3119 1277 3216 placentam,
1305 3115 1421 3195 eadem

461 3214 577 3301 omnia
595 3216 868 3324 indito,quae1n
891 3229 1089 3322 placentam.
1109 3228 1143 3299 id
1162 3223 1393 3323 permisceto
1384 3248 1421 3293 m

461 3337 572 3410 alveo.
594 3334 731 3408 Indito
720 3360 757 3406 1n
773 3336 924 3408 hirneam
946 3335 1101 3426 fictilem,
1117 3361 1188 3408 eam
1202 3333 1393 3411 demittito
1384 3357 1421 3402 m

462 3446 572 3520 aulam
585 3446 748 3519 aheneam
757 3471 854 3545 aqua
870 3447 986 3521 calidae
1003 3447 1174 3543 plenam'
1165 3466 1211 3518 ita
1224 3444 1367 3541 coquito
1379 3442 1421 3514 ad

462 3552 588 3676 ignem.
614 3553 832 3627 UbicoIIum
857 3553 940 3642 erit,
950 3555 1106 3682 hirneam
1128 3552 1360 3649 confringito,
1374 3550 1421 3622 ita

465 3660 600 3761 ponito.

289 3779 308 3807 ‘
417 3804 420 3809 ¹
511 3771 695 3846 LXXXII.
717 3760 890 3867 Spaeritam
915 3772 961 3845 stc
985 3735 1143 3862 facito,
1133 3793 1178 3846 uta
1205 3772 1254 3846 uti
1277 3750 1422 3866 spiram,
1510 3828 1513 3837 .

449 3882 526 3981 nifi
547 3883 593 3955 stc
614 3879 735 3980 fingito
753 3879 906 3954 terranis
922 3881 1043 3973 caseo,
1064 3882 1183 3969 melle,
1198 3881 1338 3974 sphaeras
1356 3905 1421 3975 pu·

464 4015 567 4087 gnum
589 3993 671 4072 altar
692 3990 817 4072 satiro.
835 3989 928 4068 Eas
918 4018 955 4069 ιιι
974 3992 1050 4069 solo
1066 3992 1292 4090 componito,
1305 3989 1422 4076 densas
