3509 5084
403 621 453 695 34
550 576 1243 668 maortctuscrro
1347 615 1352 639 .

404 754 543 828 minime
564 752 694 824 varium
718 752 841 825 indito.
858 754 947 826 Cum
962 749 1135 825 fornacem
1150 752 1364 839 faciendam

403 888 460 936 ces
485 861 674 957 praecipites
698 861 854 933 deorsum
881 858 998 932 facito.
1021 858 1090 933 Ubi
1112 859 1188 932 satis
1212 860 1362 949 foderis,

374 967 475 1044 ‘tum
499 969 634 1043 fornaci
652 971 766 1043 locum
786 967 917 1058 facito,
942 967 992 1040 uti
1012 992 1113 1064 quam
1132 968 1305 1059 altiffima,
1326 973 1364 1044 &

403 1107 542 1206 quam
522 1081 660 1152 minime
680 1075 822 1151 ventosa
843 1077 913 1150 fiet.
927 1077 968 1148 Si
983 1103 1100 1174 parum
1122 1078 1222 1150 altam
1244 1075 1363 1149 forna·

401 1215 478 1263 cem
499 1160 658 1276 hibebis,
674 1187 732 1259 ubi
749 1185 850 1261 facias
875 1185 993 1258 lateres
1020 1185 1182 1258 summam
1201 1182 1364 1272 statuito,

401 1316 461 1372 aut
482 1298 653 1371 caementis
669 1322 746 1370 cum
767 1296 841 1366 luto
858 1287 1028 1364 summum
1049 1293 1254 1367 extrinsecus
1275 1295 1364 1366 obli·

399 1409 489 1481 nito.
509 1410 597 1480 Cum
614 1408 725 1503 ignem
745 1404 951 1491 subdideris,
969 1404 992 1475 sr
1008 1420 1074 1501 qua
1089 1398 1222 1477 flamma
1236 1405 1363 1495 exibit,

399 1518 464 1590 nin
477 1509 679 1611 perlorbem
702 1515 867 1589 summum
879 1567 891 1603 ,
905 1514 980 1585 luto
994 1515 1156 1586 oblinito.
1173 1518 1307 1586 Ventus
1320 1518 1363 1586 ad

398 1624 619 1722 praefurnium
640 1642 762 1698 caveto
780 1646 822 1695 ne
847 1624 992 1697 accedat.
1016 1624 1102 1694 Inibi
1122 1622 1280 1694 Austrum
1304 1649 1361 1696 ca·

399 1757 489 1811 veto
506 1737 659 1807 maxime.
681 1737 758 1806 Hoc
777 1733 860 1831 signi
881 1736 944 1807 erit
958 1789 969 1824 ,
982 1733 1041 1807 ubi
1062 1735 1139 1807 calx
1160 1737 1257 1808 coela
1278 1737 1361 1816 etit,

277 1844 280 1849 ’
397 1845 549 1920 summos
568 1844 697 1939 lapides
712 1845 830 1917 collos
853 1845 917 1916 elle
939 1845 1125 1941 oportebit.
1145 1845 1224 1916 item
1250 1843 1360 1918 infimi

399 1952 527 2048 lapides
540 1952 778 2041 couicadenr,
799 1955 835 2024 δι
854 1952 989 2026 flamma
1003 1952 1114 2025 minus
1136 1951 1267 2024 fumosa
1289 1953 1361 2024 exi·-

397 2060 458 2134 bit.
477 2061 511 2130 Si
528 2060 673 2157 ligna&
687 2060 805 2158 'virgas
828 2085 900 2132 non
924 2061 1051 2157 poteris
1064 2062 1236 2150 vendere,
1251 2075 1361 2157 neque

397 2171 543 2266 lapidem
558 2163 807 2261 habebis‚unde
823 2172 950 2255 calcem
964 2197 1104 2270 coquas,
1114 2175 1155 2246 de
1168 2172 1269 2271 lignis
1283 2197 1359 2244 car-

397 2276 507 2350 bones
523 2277 687 2373 coquito,
704 2278 815 2378 virgas
829 2280 866 2350 &
883 2279 1065 2368 sarmenta,
1081 2304 1157 2376 quae
1170 2272 1232 2350 tibi
1249 2279 1360 2350 usioni

314 2467 316 2469 ‚
397 2386 616 2479 supererunt,
636 2386 671 2461 in
692 2387 798 2484 segete
817 2388 1025 2464 comburito.
1042 2389 1112 2462 Ubi
1130 2414 1184 2462 eas
1198 2389 1358 2465 combust-

396 2494 496 2578 seris,
518 2494 564 2564 ibi
585 2498 863 2591 papaverserito.

316 2604 318 2607 ’
445 2603 615 2676 XXXIX.
638 2604 705 2677 Ubi
718 2607 926 2700 tempestates
939 2605 1034 2678 malae
1047 2624 1165 2694 erunt
1179 2632 1256 2681 cum
1270 2598 1382 2703 opus'

394 2706 468 2778 fieri
489 2733 564 2779 non
579 2709 728 2817 poterit,
742 2710 896 2785 stercus
887 2739 922 2783 rn
947 2704 1190 2810 sterquilinium
1217 2717 1358 2816 egerito.
1401 2766 1403 2774 ·

395 2819 540 2908 Bubile,
556 2820 650 2892 ovile
656 2843 825 2912 ,cortem,
843 2823 961 2895 villam
976 2824 1063 2896 bene
1078 2842 1231 2922 purgato.
1245 2825 1356 2913 Delia

389 2931 537 3027 plumbo
554 2931 730 3027 vincito,
745 2932 803 3006 vel
824 2935 962 3007 materie
987 2960 1155 3032 qucrnea,
1176 2936 1243 3011 viti
1268 2935 1356 3013 licea

391 3040 541 3136 alligato.
564 3043 598 3114 si
621 3044 708 3116 bene
733 3041 885 3131 sarseris‚
904 3068 961 3118 aut
982 3046 1068 3116 bene
1091 3044 1300 3142 alligaveris,
1315 3049 1355 3120 δι

390 3145 430 3218 in
464 3148 564 3220 rimas
593 3151 876 3225 medicamentum
904 3153 1085 3236 indideris,
1113 3154 1269 3264 beneque
1299 3155 1354 3252 pi·

390 3256 545 3343 caveris,
566 3259 717 3382 quodvis
743 3261 930 3332 dolium
895 3263 1063 3332 vinarium
1087 3253 1195 3334 facete
1213 3264 1354 3357 poteris.
1368 3355 1371 3362 Ι

298 3389 301 3393 ’
390 3363 706 3438 Medicamentum
698 3393 733 3438 m
758 3367 885 3439 dolium
905 3369 973 3442 hoc
994 3371 1101 3441 modo
1117 3368 1231 3443 facito
1253 3371 1352 3444 Cerae

378 3472 587 3544 ·1>.1.res1nae
608 3495 638 3547 Ρ.
653 3496 676 3545 1.
700 3473 829 3547 sulfuris
850 3497 919 3573 Ρ
919 3475 1056 3550 fl’taec
1077 3502 1244 3552 ommam
1267 3481 1352 3553 cali·

388 3608 465 3656 cem
487 3609 618 3655 novum
643 3584 765 3657 indito.
781 3610 825 3658 eo
846 3543 962 3661 addito
981 3587 1124 3687 gypsum
1139 3590 1353 3682 contritum,

387 3694 442 3767 uti
463 3693 640 3766 craffitudo
656 3692 714 3765 fiat
734 3696 825 3789 quasi
845 3697 1084 3791 emplastrum,
1105 3723 1149 3770 eo
1171 3692 1263 3770 dolia
1283 3701 1350 3773 sar·

385 3802 472 3876 cito'.
488 3800 557 3874 Ubi
572 3799 722 3896 sarseris,
735 3803 795 3894 qui
812 3806 965 3877 colorem
980 3808 1123 3878 eundem
1141 3804 1260 3894 facias,
1275 3832 1348 3883 cre·

387 3929 431 3979 1ae
454 3911 566 3981 crudae
585 3925 696 4007 partes
727 3909 830 3997 diras,
851 3911 949 3985 calcis
974 3913 1073 3985 tertia
1099 3914 1347 3987 commisceto:
1392 3988 1394 3993 .

386 4015 465 4092 inde
478 4008 964 4120 laterculos'facito,coquito
987 4022 1023 4094 in
1036 4019 1239 4114 fornacem,
1266 4050 1344 4097 eum
