3509 5084
469 558 562 618 mvi
682 530 1283 612 JoutAtTmonsunttt
1414 526 1489 565 ·'

468 701 571 776 literis
586 696 689 772 variis
706 719 778 768 non
795 691 1013 765 mediocriter
1031 690 1161 779 cuitus,
1178 691 1357 768 confilium
1374 717 1429 769 ce·

466 814 518 910 pit
530 808 651 882 edendi
665 806 770 880 hosce
787 805 988 901 scriptores,
1003 802 1182 901 praefidiis,
1196 829 1272 899 quae
1287 824 1359 880 tum
1374 810 1431 881 ha·
1447 810 1450 816 ’

467 920 542 996 beri
553 920 705 1019 possent,
724 916 884 990 omnibus
895 933 1091 989 exornatos.
1107 914 1197 988 Usus
1215 936 1286 989 erat
1306 921 1348 991 ad
1361 946 1433 995 eim

469 1055 541 1104 rem
571 1054 675 1126 opere
704 1028 937 1103 Cnms'rtnut
965 1026 1264 1114 Senorueuun,
1293 1029 1361 1103 viri
1389 1056 1434 1103 eo

468 1156 625 1236 tempore
652 1138 807 1232 juvenis,
833 1136 941 1225 actis,
962 1135 1073 1223 dotti,
1098 1137 1137 1211 δι
1159 1125 1325 1234 'perquam
1352 1140 1434 1212 dili·

470 1249 592 1348 gentis.
614 1246 674 1321 tlte
700 1247 873 1334 virorum,
898 1266 988 1342 quos
1012 1243 1121 1315 adhuc
1146 1249 1435 1320 commemoravi·
1493 1290 1495 1295 ,

472 1387 569 1450 mus,
591 1360 798 1434 eruditorum
820 1353 975 1425 notas&
996 1351 1254 1429 observationes
1275 1355 1435 1429 inunum

473 1494 600 1566 corpus
622 1463 766 1562 digent,
789 1478 881 1533 certe
905 1459 1082 1547 ordinem,
1105 1485 1177 1559 quo
1199 1463 1348 1561 quidque
1369 1492 1436 1563 po·

473 1581 620 1653 nendum
645 1573 741 1661 effet,
763 1570 979 1669 praescripsit:
1004 1571 1113 1646 varias
1151 1571 1330 1662 lediiones,
1355 1598 1438 1670 quas

473 1689 640 1771 diximus,
662 1680 762 1782 (non
777 1699 1002 1777 pervenerant
1021 1699 1130 1754 autem
1142 1680 1182 1777 ad
1198 1683 1301 1779 ipsius
1319 1707 1438 1758 manus

473 1793 639 1868 Mediceae
658 1789 844 1888 Politiani)
864 1789 957 1872 notis
978 1791 1044 1864 suis
1063 1790 1232 1880 intexuit,
1254 1818 1335 1892 quas
1361 1793 1437 1891 qui-

474 1907 557 1987 dem,
577 1922 787 1977 momentum
811 1905 952 2004 aliquod
982 1906 1105 1978 habete
1121 1908 1292 1981 erederet:
1317 1909 1440 1980 eodem

474 2011 591 2086 retulit
610 2035 750 2101 eorum,
771 2011 831 2109 qui
851 2013 887 2085 in
904 2015 1073 2109 Lampade
1091 2014 1293 2089 Grutetiana
1312 2017 1441 2089 haben·

467 2123 734 2211 ·tur,Bnnsnu
748 2120 1161 2212 item,Gnouov11Qun,
1182 2150 1221 2198 ac
1234 2127 1442 2200 Tmcttsn·

476 2251 535 2303 uu
546 2232 808 2319 annotationes,
822 2257 866 2304 ex
881 2233 1108 2323 Adversariis,
1121 2234 1443 2323 Observationibus,

477 2340 839 2416 Animadversionibus
870 2341 1010 2414 illorum
1042 2361 1237 2440 excerptam
1267 2361 1443 2440 acceperat
1495 2392 1498 2398 -

477 2449 580 2521 etiam
602 2447 721 2520 avito
742 2443 864 2517 illustri
888 2450 1085 2520 Glsnnttro
1107 2450 1266 2549 Cupauo
1287 2448 1444 2522 observa·

478 2557 593 2629 tiones
611 2555 772 2652 quasdam
789 2553 826 2626 in
844 2557 1057 2645 Varronem,
1073 2580 1182 2653 neque
1198 2557 1380 2654 quidquam
1394 2557 1446 2630 in·

479 2660 689 2749 termiserat,
709 2660 804 2758 quod
825 2661 868 2734 ad
890 2662 1076 2735 ornandam
1096 2663 1234 2761 spartam
1254 2665 1447 2761 pertineret.

481 2771 591 2848 Jacuit
601 2769 721 2843 deinde
732 2793 843 2866 opus,
856 2770 980 2861 credo,
994 2773 1089 2869 quod
1102 2774 1371 2870 exspectarentur
1382 2798 1447 2848 co·

482 2881 550 2980 piae
572 2880 639 2952 ittae
658 2876 803 2952 ltatieaet
823 2880 861 2954 δι
880 2868 1129 2979 Schoengenius
1149 2883 1190 2956 ad
1209 2883 1271 2956 aiia
1290 2900 1449 2968 vocatus,

483 2991 688 3063 inmanibus
704 2988 998 3090 ThomFritschii
1016 2991 1198 3089 diligentie
1218 2993 1284 3064 suae
1303 2991 1449 3066 studium

484 3100 630 3196 reliquit.
641 3101 744 3172 circa
764 3125 892 3172 annum
910 3099 1032 3190 seculi,
1048 3103 1143 3199 quod
1162 3101 1332 3193 vivimus,
1349 3118 1450 3174 xxvt

485 3207 529 3278 ad
552 3230 605 3276 me
629 3205 696 3278 ivit
718 3207 777 3287 vin
800 3202 858 3278 ille
884 3209 1089 3299 acerrimus,
1115 3225 1194 3286 cum
1217 3211 1351 3284 interim
1378 3235 1452 3283 non

485 3317 639 3392 Medicea
658 3335 788 3391 tantum
805 3317 953 3392 -collatio
974 3318 1136 3409 venisset,
1160 3318 1216 3393 sed
1235 3320 1336 3393 etiam
1356 3316 1452 3391 exci-

487 3424 549 3497 tati
572 3423 674 3498 act.
699 3428 952 3499 Fncctomo
984 3426 1172 3501 Duumviri
1197 3421 1451 3522 ptaessantiffimi

489 3537 544 3610 10.
562 3539 680 3608 Bene.
702 3539 957 3626 Mononouns
983 3541 1021 3612 δι
1046 3538 1176 3613 Juttus
1194 3539 1453 3622 posnam,

489 3645 661 3720 Patavinae
680 3647 869 3719 Academiae
888 3650 925 3720 δι
938 3646 1081 3718 Medicae
1101 3647 1195 3736 artis,
1210 3649 1292 3720 alter
1311 3632 1453 3723 Botani·

410 3768 417 3787 ·
489 3748 546 3830 ees
567 3753 769 3854 presertim,
790 3753 1009 3828 Anatomices
1025 3753 1109 3829 alter
1132 3754 1279 3853 tumim,
1300 3753 1378 3828 suos
1404 3754 1454 3829 la-

491 3865 593 3939 bores
608 3860 726 3939 douos
739 3862 814 3936 sane
828 3863 1080 3963 &ingeniosos
1097 3862 1276 3939 libemlitdi
1290 3864 1454 3940 Fritschio

492 3974 718 4064 indulfiffent,
731 3972 853 4074 quibus
867 3975 978 4054 novis
989 3973 1137 4081 subsidiis
1149 3972 1270 4050 deinde
1282 3972 1383 4050 etiam
1397 4000 1453 4052 ac·
