3509 5084
564 590 1002 691 DE=RERUST1CA
1027 599 1122 670 ΗΒ.
1148 601 1173 674 Ι.
1276 630 1340 701 1¹5
1407 612 1410 621 ⁴

386 759 474 835 locis
490 759 620 855 aliquot
632 758 833 851 conjunllos
848 784 979 857 aggeres
996 786 1072 834 cum
1091 763 1201 851 suffis,
1219 778 1266 838 ne'
1279 767 1344 841 llu-

388 898 467 946 men
489 871 574 967 agris
596 888 727 943 noceat.
749 871 892 966 Aggeres
915 871 975 968 qui
1000 871 1127 946 faciunt
1148 874 1215 945 fine
1238 874 1346 971 folla,

388 1007 449 1054 eos
476 982 611 1078 quidam
643 999 768 1053 vocant
793 1004 928 1083 murm,¹
957 1001 996 1054 ut
1020 983 1055 1055 in
1080 1009 1160 1081 agro
1189 987 1346 1064 Reatino.

388 1092 556 1180 Quartum
578 1087 695 1160 fabrile
708 1086 936 1182 sepimentum
955 1089 1001 1162 etl
1020 1093 1257 1181 noviffimum,
1273 1121 1346 1169 tna·

388 1199 488 1272 ceria.
508 1195 606 1292 hujus
624 1197 693 1272 fere
717 1196 841 1291 species
861 1218 1029 1294 quatuor:
1044 1202 1138 1298 quod
1151 1200 1236 1274 fiunt
1254 1229 1273 1276 e
1294 1205 1347 1278 la·

389 1309 488 1405 pide,
509 1325 546 1377 ut
567 1307 602 1378 in
624 1332 703 1404 agro
725 1306 919 1379 Tusculano
936 1311 1087 1404 :quode
1107 1311 1264 1384 lateribus
1285 1339 1349 1386 co-
1414 1399 1418 1406 .

389 1418 539 1505 lilibus,¹
556 1435 593 1488 ut
607 1416 646 1499 in
665 1439 747 1513 agro
762 1415 918 1488 Gallico:
938 1418 1031 1512 quod
1051 1444 1070 1500 e
1091 1419 1248 1493 lateribus
1268 1447 1346 1495 cru·

389 1526 455 1614 dis,
479 1525 563 1596 utin
586 1548 667 1620 agro
691 1522 838 1595 §abinoe
856 1525 952 1620 quod
975 1528 1018 1596 ex
1034 1544 1144 1615 terra,
1161 1529 1200 1600 ὅ(
1226 1531 1346 1626 lapillis

392 1633 589 1730 compositis
609 1633 644 1706 in
661 1631 797 1723 formis,
810 1652 849 1706 ut
865 1633 902 1704 in
924 1633 1104 1732 Hispania,
1119 1641 1156 1712 &
1180 1664 1262 1737 agro
1279 1643 1349 1719 Ta-⁴

393 1745 541 1821 tentiae.
905 1757 909 1762 '
957 1745 984 1761 ’“
1277 1799 1282 1807 ·
1343 1779 1345 1783 ·
1411 1834 1413 1839 y

426 1858 520 1928 .XV.
539 1854 700 1925 Praeterea
715 1853 783 1923 fine
801 1851 911 1947 saeptis
931 1851 1014 1928 fines
1034 1857 1170 1951 praedii,
1193 1859 1350 1955 sationis,

393 1964 667 2039 notis'atborum
690 1963 832 2034 tutiores
855 1961 958 2053 fiunt,
979 1990 1021 2036 ne
1041 1965 1175 2039 familiae
1198 1971 1350 2047 rixentur

395 2096 474 2148 curn
492 2075 633 2162 vicinis,
648 2099 686 2146 ac
702 2073 823 2157 limites
843 2097 886 2171 ex
902 2074 1013 2145 litibus
1025 2071 1169 2169 judicem
1188 2100 1352 2175 quaerant.
1423 2146 1426 2153 .

395 2190 518 2258 Serunt
532 2185 588 2256 alii
608 2184 736 2257 circum
756 2183 879 2277 pinos,
892 2202 930 2255 ut
943 2184 1042 2254 habet
1056 2209 1145 2256 uxon
1158 2186 1193 2258 iu
1209 2191 1351 2267 Sabinis·

396 2296 452 2367 alii
467 2292 633 2393 cuqteffos
644 2345 655 2382 ‚
667 2308 704 2361 ut
723 2314 787 2388 ego
801 2291 903 2364 habui
918 2290 952 2363 in
969 2293 1128 2366 Vesuvio.
1151 2294 1206 2366 alii
1221 2299 1350 2392 ulmus,

396 2424 434 2477 ut
454 2403 552 2474 multi
567 2402 689 2476 habent
701 2400 737 2471 in
760 2401 979 2473 Crustumino
993 2403 1106 2499 :quod
1121 2404 1179 2476 ubi
1197 2406 1233 2481 id
1246 2427 1352 2504 pote3

397 2535 436 2587 ut
460 2513 530 2600 ibi,
555 2512 648 2608 quod
671 2511 717 2582 est
745 2535 902 2607 campus,
929 2512 1020 2583 nulla
1049 2513 1166 2609 potior
1194 2515 1353 2614 serenda,

396 2625 493 2724 quod
512 2621 866 2707 maximefrulluosa,
886 2623 981 2720 quod
994 2626 1033 2696 &
1055 2621 1190 2698 sustinet
1211 2626 1354 2723 saepemq

399 2760 440 2807 ac
461 2731 545 2806 colit
564 2731 694 2830 aliquot
717 2732 870 2803 corbulas
890 2735 1105 2823 uvarum&
1127 2733 1281 2807 frondem
1295 2737 1356 2831 jue
1394 2726 1401 2737 ⁶

325 2854 327 2858 ’
399 2841 627 2920 cundiffimam
649 2840 813 2911 ministrat
835 2839 958 2912 ovibus
976 2866 1015 2912 ac
1037 2841 1165 2926 bubus,
1183 2865 1221 2911 ac
1242 2844 1355 2938 virgas

400 2956 532 3054 ptaebet
543 2953 701 3046 saepibus,
716 2953 755 3021 &
768 2947 868 3036 foco,
884 2972 923 3018 ac
934 2947 1047 3019 furno:
1066 2950 1217 3021 ScRoFA
1227 2951 1356 3047 ,igitui-

400 3058 547 3158 primum
559 3059 629 3128 haec
641 3108 651 3144 ,
664 3079 739 3150 quae
762 3050 853 3144 dixi,
866 3070 1013 3148 quatuor
1028 3052 1170 3126 videnda
1189 3056 1359 3154 agricolae·

331 3205 348 3232 κ
401 3169 443 3240 de
464 3166 560 3240 fundi
583 3165 713 3256 forma,
732 3182 829 3237 terrae
850 3180 990 3259 natura,
1012 3164 1053 3237 de
1071 3167 1185 3239 ‘modo
1203 3168 1295 3266 agri,¹
1314 3173 1358 3247 de

401 3277 527 3349 finibus
550 3278 690 3349 tuendis.
1281 3356 1285 3360 Ι
1349 3334 1351 3339 ,

353 3477 355 3485 y
453 3390 546 3458 XVI.
567 3385 781 3482 Relinquitur
793 3385 894 3458 altera
913 3408 1008 3480 pars,
1022 3408 1096 3480 quae
1110 3382 1160 3457 est'
1176 3407 1269 3461 extra
1283 3387 1360 3464 fun·

403 3499 496 3570 dum.
527 3492 631 3586 Cujus
655 3494 855 3588 appendices
882 3494 1100 3563 vehementer
1127 3497 1296 3588 pertinent
1316 3501 1360 3587 ad

404 3589 590 3692 culturam,
602 3622 741 3697 propter
755 3600 958 3671 affinitatem.
970 3599 1051 3693 Ejus
1063 3600 1083 3672 s
1080 3602 1187 3696 pecies
1200 3607 1359 3683 totidemt

405 3717 558 3790 fivicina
579 3713 671 3810 regio
686 3712 732 3784 est
749 3710 874 3784 infesta.
897 3710 920 3782 fi
935 3737 1005 3808 quo
1026 3737 1135 3811 neque
1157 3712 1283 3787 sruttus
1297 3741 1361 3790 no·

408 3829 493 3899 stros
504 3845 681 3924 exportare
692 3823 865 3919 expediat,
876 3848 985 3922 neque
996 3820 1074 3896 inde
1085 3849 1159 3920 quae
1172 3850 1259 3919 opus
1268 3826 1361 3918 lunt,

410 3957 599 4031 apportare.
615 3934 772 4023 tertium,
793 3933 816 4005 fi
836 3931 904 4004 viae
915 3987 926 4019 ,
939 3954 994 4004 aut
1008 3932 1128 4019 fluvii,
1144 3958 1208 4029 qua
1221 3951 1375 4026 portenv

409 4066 485 4138 tur,
498 4064 555 4118 aut
569 4071 640 4120 non
654 4045 728 4119 sunt
738 4096 750 4136 ,
761 4035 818 4117 aut
832 4041 947 4125 idonei
959 4065 1031 4114 non
1044 4041 1126 4113 sunt.
1147 4061 1325 4137 quartum,
1338 4045 1361 4117 ti

1094 4149 1125 4218 Η
1152 4172 1172 4220 2
1254 4186 1256 4191 ·
1287 4144 1290 4157 '
