3509 5084
633 579 1073 673 P'utAEFATIO.
1265 617 1316 673 ιν

354 752 437 855 quis
453 751 557 827 libros
573 749 708 824 nostros
728 751 771 823 ad
789 774 906 853 manus
926 774 997 824 non
1015 750 1173 843 habetet,
1190 776 1317 830 conce·

355 864 504 965 dendum
522 862 589 936 hoc
610 859 709 934 nobis
732 859 812 950 fuit,
833 878 871 935 ut
894 885 966 935 non
986 878 1187 958 cogerentur
1206 880 1316 935 emto·
1407 898 1414 910 =

356 1000 432 1062 res,
453 970 635 1071 inquibus
658 969 733 1044 sunt
754 969 854 1044 multi
878 968 946 1042 viri
969 970 1070 1059 boni,
1092 970 1240 1043 sednon
1261 971 1318 1044 nia

357 1085 421 1158 mis
440 1084 553 1173 beati,
573 1098 663 1155 certe
679 1079 840 1170 nummati
862 1079 1017 1171 modice,
1035 1080 1086 1165 bit
1107 1105 1236 1170 emere,
1257 1102 1319 1159 aut

354 1184 474 1289 sapius
485 1193 522 1266 in
533 1191 651 1264 eodem
663 1189 752 1261 libro
762 1190 912 1287 expreffa
927 1184 1171 1275 v'e'rbaeadem,
1183 1218 1256 1285 qnae
1266 1192 1316 1266 fa·

352 1303 413 1378 cili
424 1301 526 1376 nimis
540 1298 676 1398 negotio
687 1299 816 1394 pollent
827 1298 1001 1373 evolvere.
1023 1305 1059 1371 ln
1073 1300 1128 1374 Cl.
1139 1304 1318 1374 §cutm-

353 1431 471 1484 Geren
487 1408 764 1481 adnotationibus
777 1406 827 1479 usr
843 1406 954 1479 sumus
971 1432 1009 1479 ea
1027 1407 1197 1496 libertate,
1214 1434 1317 1507 quam

355 1520 429 1614 ipse
442 1511 543 1591 nobis
557 1518 648 1589 ultro
663 1541 723 1614 per
742 1515 852 1589 literas
870 1517 1008 1604 detulit,
1025 1540 1228 1615 operamque
1247 1519 1317 1592 stu·

354 1627 452 1699 diose
473 1627 643 1742 dedimus,
657 1642 694 1697 ut
714 1624 854 1720 pudoris
872 1625 1042 1722 utriusque
1058 1625 1207 1699 nostrum
1226 1627 1315 1700 ratio

356 1737 542 1824 constaret3
565 1758 678 1833 neque
705 1735 804 1831 spero
827 1728 977 1833 unquam
1004 1733 1176 1824 futurum,
1198 1758 1234 1836 ut
1259 1736 1315 1811 vel
1434 1814 1438 1820 ,

355 1847 425 1944 ipse
438 1846 493 1919 vel
513 1849 599 1920 alius
616 1845 790 1943 quisquam
802 1844 1033 1932 candoremin
1052 1847 1152 1920 nobis
1161 1848 1314 1923 honesta·

357 1954 445 2030 tisve
461 1955 563 2029 ullam
587 1973 715 2052 partem
737 1948 908 2026 desideret.
977 2012 978 2016 ,

418 2068 547 2141 XXVI.
565 2071 677 2163 Atque
699 2063 826 2137 utinam
850 2087 945 2158 aeque
966 2063 1064 2139 facile
1084 2065 1170 2138 alios
1192 2091 1313 2142 cavere

359 2190 492 2250 errores
509 2196 607 2273 atque
626 2194 762 2272 peccata
786 2174 1023 2269 potuiffernus,
1036 2201 1183 2272 qnorum
1200 2202 1238 2249 ea
1256 2178 1313 2249 de·

361 2309 455 2356 murn
469 2286 542 2383 lege
558 2284 686 2359 veniam
701 2284 802 2357 nobis
818 2281 887 2354 dari
902 2280 1063 2378 petimus,
1078 2283 1100 2354 ti
1118 2284 1260 2356 consilio
1275 2287 1314 2358 &

360 2394 517 2468 volentes
529 2395 695 2467 neminem
711 2394 767 2468 hic
787 2392 958 2466 hominem
982 2391 1143 2482 laesrmuS,
1164 2416 1313 2466 errorem

357 2501 451 2574 suum
471 2503 582 2598 aspere
598 2503 881 2600 exprobravimus
905 2501 1051 2594 nemini,
1068 2502 1199 2576 laudem
1224 2501 1314 2576 suam

359 2613 487 2686 nemini
501 2613 705 2702 invidimus,
724 2615 863 2686 alienam
886 2612 944 2709 ipti
961 2612 1120 2687 invadere
1142 2639 1314 2711 nunquam

358 2720 469 2793 sumus
492 2724 617 2796 conati.
634 2713 750 2797 Tanto
770 2724 898 2822 aequius
925 2723 1099 2796 nobiscum
1122 2743 1220 2821 agent
1239 2718 1315 2796 ido·
1382 2734 1385 2745 '

359 2832 414 2905 nei
432 2834 550 2906 harum
579 2859 690 2908 rerum
709 2835 845 2937 arbitri,
865 2837 959 2933 qnod
983 2859 1042 2931 per
1065 2837 1194 2906 cursum
1218 2832 1314 2925 hujus
1374 2924 1378 2933 ἱ

360 2943 472 3037 operis
494 2943 587 3017 varie
602 2944 648 3017 ita
668 2945 777 3016 sumus
796 2942 925 3037 jaliati,
942 2961 978 3013 ut
998 2965 1069 3011 non
1089 2965 1160 3010 uno
1178 2960 1316 3030 tenore,

342 3053 397 3126 ·&
415 3078 474 3148 per
493 3054 768 3150 tranquillitatem
790 3055 975 3152 quandam,
991 3050 1058 3124 hoc
1078 3074 1175 3150 agere
1195 3058 1318 3147 potuei

361 3164 487 3254 rimus,
502 3165 556 3239 sed
576 3165 659 3262 saepe
676 3167 777 3239 nimis
797 3165 852 3241 vel
875 3184 1002 3237 mutare
1019 3164 1178 3250 consilia,
1200 3162 1255 3236 vel
1272 3161 1315 3235 ad

363 3270 540 3347 intermiffa
557 3276 686 3365 redire,
700 3278 807 3361 coalii
826 3275 936 3348 snmus.
950 3272 1130 3348 intercedit
1146 3272 1256 3364 enim,
1272 3296 1315 3345 ne

251 3436 254 3440 .
362 3379 430 3452 alia
445 3405 720 3476 commemorem,
731 3374 802 3457 non
813 3384 975 3471 dicenda,
987 3383 1046 3453 nifi
1061 3406 1238 3478 cogamur,
1253 3404 1314 3478 per

361 3487 466 3561 hosce
482 3515 605 3564 novem
627 3518 758 3579 annos,
774 3495 899 3588 quibus
913 3493 979 3562 hoe
994 3489 1106 3561 saxum
1124 3486 1318 3578 volvimus,
1380 3537 1384 3544 ·

361 3596 473 3690 primo
499 3623 590 3672 mors
615 3601 780 3672 THOMAE
801 3597 1017 3687 nnrnscnu,
1039 3623 1113 3696 quae
1134 3594 1318 3673 incredibi-

361 3703 425 3776 lem
445 3707 543 3779 rebus
558 3708 680 3779 nostris
697 3710 824 3806 plagam
847 3709 983 3795 intulit;
996 3709 1115 3783 deinde
1135 3708 1242 3781 multo
1262 3706 1318 3776 lu·

262 3809 265 3818 '
361 3813 502 3888 &uolnus
523 3838 562 3891 ut
584 3818 666 3913 reip.
689 3819 733 3893 ita
763 3821 864 3894 nobis
888 3820 992 3894 fatum
1016 3824 1230 3901 WuHELMl
1249 3822 1318 3891 ER·

362 3941 491 4013 Nasu,
511 3926 677 4023 Principis
703 3927 926 4018 Vinariensrs,
945 3931 1041 4027 quod
1059 3954 1122 4001 nos
1140 3928 1320 4002 bibliothe-

276 4036 279 4041 ’
359 4059 399 4110 ct
409 4062 476 4111 una
490 4027 749 4136 lo'cupletillima
760 4039 829 4137 ejus
843 4039 1053 4115 instrumenti
1062 4063 1153 4220 ,dquo
1166 4038 1223 4116 hic
1233 4063 1321 4141 opus

1111 4174 1135 4243 4
