3509 5084
774 577 977 649 VITA.
1058 536 1062 546 Ι
1278 600 1318 655 ει

363 735 526 814 corderii
544 736 739 839 Augustinus
759 739 812 805 lib.
835 763 871 832 ²9
893 737 1070 807 decivitate
1091 738 1161 807 Dei
1167 764 1254 830 ,cam
1271 765 1318 834 3:

365 849 451 919 Haec
471 842 594 916 sensiffe
620 863 719 938 atque
747 841 896 949 ⁸docuisse
918 841 1137 939 Academicos
1163 863 1319 935 vetereS,

364 959 477 1029 Varro
488 952 617 1041 asserit,
635 951 772 1022 auciore
788 949 986 1038 Antiocho,
1003 951 1161 1047 magistro
1179 953 1319 1024 Cicero·

364 1071 417 1135 nis
442 1066 477 1136 &
500 1059 583 1147 suo,
599 1082 698 1155 quem
725 1056 803 1128 sane
832 1057 954 1131 Cicero
978 1047 1013 1129 iu
1044 1060 1195 1154 pluribus
1224 1058 1319 1132 fuiffe

363 1171 536 1255 Stoicum,
551 1191 651 1264 quam
667 1188 813 1238 veterem
826 1166 1088 1257 Academicum,
1106 1171 1180 1241 vult
1200 1169 1319 1242 videri.

412 1282 599 1352 Amicitiam
613 1303 679 1348 cum
695 1280 797 1346 eodem
813 1278 965 1360 Cicerom,
980 1305 1046 1346 non
1064 1277 1191 1362 juvenis
1202 1284 1318 1369 modo,

358 1392 419 1485 sed
439 1395 530 1462 etium
544 1391 610 1474 vit,
628 1393 731 1458 coluit.
747 1391 873 1457 Indicia
879 1389 975 1479 sune,
989 1388 1116 1488 epistole
1131 1397 1318 1482 complures,

365 1501 398 1573 ἂ
421 1503 592 1603 quaestiones
612 1501 831 1583 Academico,
853 1524 930 1590 quas
953 1501 998 1566 ad
1018 1503 1187 1569 Varronem
1214 1502 1319 1570 Cicero

356 1608 485 1708 scrmstt
500 1613 566 1679 :de
588 1611 707 1677 Latina
725 1609 833 1713 lingua
852 1609 943 1694 libri,
955 1632 1082 1699 quorum
1103 1632 1164 1678 tres.
1181 1611 1323 1679 Ciceroni·

369 1727 405 1791 V
401 1749 470 1790 arro
492 1721 654 1790 dedicavit.
853 1735 855 1740 '

416 1833 552 1901 Ceterum
574 1835 610 1901 in
635 1834 745 1900 amicis
765 1831 856 1899 etiam
881 1833 937 1902 Cn.
964 1831 1148 1924 Pompeium
1164 1832 1318 1925 mgnum

366 1941 495 2027 habuit,
512 1945 547 2010 iu
571 1939 664 2028 cujus
683 1942 840 2033 gratiam,
855 1966 924 2010 cum
940 1941 1078 2032 primum
1099 1942 1318 2032 consulatum,

366 2055 416 2122 M.
430 2048 535 2145 Craffo
547 2054 677 2144 collega,
688 2049 881 2142 fiefcepturus
893 2043 976 2144 effee,
990 2051 1240 2117 commentarium
1254 2048 1318 2138 isa·

366 2163 525 2252 gogicum,
538 2187 622 2230 anno
643 2162 738 2228 Urbis
759 2159 848 2244 682,
867 2160 977 2225 mundi
992 2159 1107 2253 3879,
1122 2179 1194 2226 ante
1214 2159 1246 2227 C.
1271 2157 1318 2229 Ν.
1410 2163 1413 2173 “

369 2272 412 2364 69
420 2319 433 2354 ‚
450 2258 623 2361 compofieit.
635 2277 682 2339 A.
695 2269 822 2338 Gellius
839 2270 1040 2358 lib.14‚cap.
1060 2291 1107 2362 7:
1130 2265 1196 2337 Cn.
1216 2266 1319 2335 Pom·

367 2373 450 2470 pejo
470 2377 658 2451 consulatus
681 2377 807 2472 primus
831 2400 908 2448 cum
928 2379 975 2449 M.
994 2375 1110 2447 Craffo
1135 2374 1320 2471 defigamus

367 2486 425 2561 est.
440 2491 524 2560 Eum
540 2488 766 2586 magistratum
778 2471 957 2583 Pompejuc
970 2487 1197 2560 cuminiturus
1211 2486 1320 2578 foret,

367 2597 529 2691 quoniam
543 2623 601 2694 per
614 2597 740 2670 militiae
757 2617 910 2693 tempora
928 2597 1056 2670 senatus
1070 2599 1215 2672 habendi
1232 2622 1320 2672 con·

368 2704 585 2804 sulendique,
603 2733 713 2781 rerum
742 2707 842 2780 etiam
864 2732 984 2802 expers
1007 2709 1205 2782 urbanarum
1233 2707 1320 2801 fuit,
1338 2720 1343 2728 '

368 2817 415 2886 M.
428 2818 617 2890 Varronem
629 2871 640 2904 ,
652 2816 842 2888 familiarem
859 2815 974 2902 suum,
990 2819 1143 2914 rogavit,
1157 2819 1206 2888 uti
1222 2843 1321 2890 com·
1421 2848 1426 2867 ⁸

369 2921 566 2994 mentarium
582 2922 706 2997 faceret
725 2938 930 3014 εἰσαγωγικόν.
949 2925 1003 2996 Sic
1023 2925 1111 2995 enim
1126 2927 1238 2995 Varro
1251 2923 1321 3019 ipse

371 3033 525 3127 appellat.
536 3035 587 3103 Ex
599 3058 670 3129 quo
683 3031 841 3141 disceret,
859 3033 941 3128 quid
953 3033 1061 3107 facere
1075 3034 1252 3133 dicereque
1266 3036 1322 3110 de·

371 3139 487 3227 beret,
507 3167 584 3215 cum
608 3141 755 3215 senatum
779 3142 977 3217 consuleret.
1115 3228 1121 3243 .
1289 3143 1292 3148 ’

440 3252 645 3323 Triumvirum
676 3277 768 3346 atquc
795 3258 952 3325 tribunum
971 3255 1009 3346 se
1027 3250 1145 3352 sueffe,
1163 3245 1326 3348 profitetui

371 3361 494 3452 ipsemet
512 3366 544 3433 im
557 3368 764 3435 humanarum
786 3394 881 3436 rerum
897 3369 952 3438 u'b.
974 3391 1031 3454 2¹,
1045 3392 1130 3458 quem
1152 3370 1250 3436 locum
1274 3369 1323 3440 A.

372 3471 495 3540 Gellius
514 3476 567 3548 lib.
588 3500 773 3569 13,cep.12
793 3478 895 3544 citat:
915 3475 988 3569 Ego
1008 3471 1165 3544 triumvir
1184 3492 1324 3547 vocatus

369 3599 390 3645 a
413 3576 448 3646 P.
471 3575 621 3664 Porcio,
644 3577 781 3649 tribuno
806 3579 932 3672 plebis,
959 3602 1032 3650 non
1057 3577 1107 3651 ivi
1136 3578 1325 3654 aucioribus

371 3683 599 3781 principibus,
616 3689 654 3759 &
674 3682 772 3760 vetus
794 3685 848 3781 jus
861 3686 968 3764 tenui.
987 3693 1067 3761 Item
1080 3687 1238 3761 tribunus
1248 3712 1325 3762 cum

372 3790 487 3883 diem,
501 3796 627 3873 vocari¹
637 3790 802 3868 neminem
819 3796 891 3892 juffi
902 3852 913 3890 ,
924 3822 1035 3896 neque
1047 3817 1237 3901 vocatuma
1252 3795 1326 3874 col·.

339 3954 342 3969 ,
372 3900 442 3998 lega
460 3927 575 3998 parere
595 3902 764 3977 invitum·
1120 4000 1122 4002 q

424 4015 465 4084 Im
484 4016 586 4102 bello,
604 4018 690 4106 quod
701 4015 842 4088 Romani
850 4069 863 4106 ,
877 4016 1031 4112 Pompejo
1043 4020 1220 4108 imperatore
1228 4065 1240 4107 ,
1251 4042 1328 4104 cong

1068 4147 1134 4221 83
