3509 5084
456 681 523 730 212
551 736 557 749 ,
598 594 1276 765 M.Taaanr11vtttttortts
1361 710 1365 719 .

455 816 596 891 natione
617 813 705 886 vidit
726 840 910 911 nunquam.
930 815 1052 911 Neque
1067 814 1155 887 enim
1172 839 1209 886 er
1230 833 1435 914 tmagnunt

454 929 491 1003 id
513 908 678 1020 saeptum}
687 925 782 1021 quod
808 950 917 1014 nunc,
938 926 1143 997 ut‘habeant
1166 840 1295 998 nistros
1326 952 1434 1022 apros

453 1063 493 1113 ac
518 1061 670 1130 capreas,
693 1035 869 1130 complura
886 1032 1001 1132 jugera
1023 1033 1176 1106 maceriis
1194 1034 1432 1110 concludunt.

453 1149 538 1221 Non
556 1165 646 1234 tum,
663 1146 766 1239 inquit
787 1143 892 1232 mihi,
914 1168 990 1216 cum
1006 1142 1112 1214 emisti
1130 1141 1277 1215 fundum
1292 1144 1433 1219 Tuscu-

452 1259 569 1331 lanum
590 1279 610 1328 a
633 1255 681 1326 M.
703 1253 843 1342 Pisone,
860 1253 895 1324 in
913 1252 1082 1348 leporario
1095 1252 1167 1347 apri
1182 1249 1326 1325 fuerunt
1343 1255 1431 1327 mul·

451 1367 503 1441 ri?
524 1369 560 1436 ln
576 1363 676 1435 tertia
692 1362 781 1458 parti
802 1361 876 1460 quis
899 1361 1041 1435 habebat
1063 1359 1225 1456 piscinam
1240 1411 1250 1443 ,
1264 1360 1335 1431 nisi
1355 1363 1429 1434 dul··

451 1504 550 1561 cem,
567 1475 709 1549 &inea
729 1474 905 1544 dumtaxat
927 1471 1059 1567 squalos
1074 1494 1113 1542 ac
1133 1467 1278 1565 mugiles
1294 1468 1428 1565 pisces?

449 1585 538 1680 Quis
558 1602 678 1666 contra
695 1606 786 1652 nune
805 1579 960 1650 Rhinton
982 1601 1055 1648 non
1070 1576 1152 1649 dicit
1175 1575 1233 1647 sua
1255 1576 1348 1650 nihil
1375 1579 1427 1651 in·

449 1688 589 1776 teresse,
611 1708 724 1760 utrum
742 1685 782 1758 iis
798 1686 943 1780 piscibus
959 1683 1108 1780 stagnum
1125 1683 1245 1756 habeat
1254 1685 1425 1778 plenum,

448 1827 492 1875 an
509 1797 623 1871 ranisl
649 1799 730 1868 Non
752 1795 929 1892 Philippus
946 1819 1023 1866 curn
1045 1795 1085 1865 ad
1099 1793 1296 1865 Immidium
1313 1795 1424 1892 hospi·

245 1888 304 1969 Γ.
448 1931 518 1987 tem
539 1906 650 1984 casini
672 1903 878 1995 divertisset,
901 1907 938 1979 δι
959 1903 990 1975 ei
1011 1929 1030 1977 e
1050 1920 1113 1976 tuo
1135 1902 1282 1976 flumine
1306 1905 1423 2002 lupum

448 2017 789 2123 piscem'sormosum
811 2014 1031 2139 apposuisset,
1046 2032 1145 2109 atque
1167 2012 1226 2086 ille
1248 2015 1421 2112 gustasset,

287 2106 292 2117 ⁵
382 2162 391 2175 ·
448 2136 486 2227 δε
501 2126 695 2226 exspuisset,
712 2125 816 2214 dixit,
830 2128 984 2211 Peream,
1000 2121 1036 2193 ni
1055 2122 1178 2217 piscem
1195 2123 1321 2217 putavi
1336 2125 1419 2197 effe?

447 2241 503 2313 Sic
524 2237 637 2309 noslra
656 2255 753 2323 etas,
771 2238 922 2328 inquam,
939 2229 1074 2303 luxuria
1094 2231 1304 2328 propagavit
1325 2233 1419 2330 lepo-

447 2347 555 2434 raria‚
576 2370 615 2417 ac
637 2342 781 2440 piscinas
795 2339 940 2436 protulit
960 2338 1002 2409 ad
1017 2359 1127 2425 mare,
1145 2340 1182 2410 &
1205 2338 1244 2409 in
1260 2364 1317 2414 eas
1329 2342 1418 2438 pela-

446 2457 522 2553 gios
544 2477 658 2548 greges
686 2451 827 2547 piscium
853 2447 1045 2523 revocavit.
1072 2447 1155 2518 Non
1185 2471 1333 2545 propter
1359 2454 1424 2524 hos*

445 2561 604 2657 appellati
627 2559 760 2656 Sergius
780 2561 910 2641 Orata,
928 2560 964 2632 δι
980 2556 1131 2631 Licinius
1143 2561 1320 2632 Murena?
1335 2561 1416 2654 Quis

444 2673 536 2744 enim
562 2688 701 2767 propter
728 2669 941 2741 nobilitatem
961 2669 1096 2767 ignorat
1122 2668 1272 2766 piscinas
1295 2673 1416 2768 Philip·

444 2787 501 2883 pi,
523 2779 716 2870 Hortensii,
731 2779 979 2854 Lucullorum?
994 2782 1134 2875 Quare,
1150 2782 1246 2857 unde
1265 2785 1415 2859 velisne

443 2894 733 2989 incipere,Axi‚
750 2890 817 2963 dic.
1141 2979 1144 2986 Ι

425 3044 428 3051 -
492 3007 549 3075 1v.
568 3003 645 3089 Ille,
660 3005 732 3097 Ego
751 3024 856 3090 vero,
869 3004 989 3095 inquit,
1006 2998 1070 3098 (ut
1083 2995 1207 3097 ajunt)
1227 3000 1311 3097 post
1331 3001 1414 3100 prin·

367 3152 372 3167 ·
442 3109 532 3205 cipia
554 3112 589 3181 in
612 3107 746 3197 caslris,
760 3109 795 3179 id
817 3109 886 3198 est,
901 3109 943 3180 ab
966 3109 1017 3180 his
1041 3107 1160 3205 potius
1176 3112 1411 3207 temporibus,

440 3245 542 3318 quam
563 3217 812 3315 superioribus:
827 3220 924 3317 quod
944 3243 986 3290 ex
1001 3218 1196 3314 pavonibus
1212 3219 1348 3298 fruslus
1363 3251 1411 3299 ca·

354 3388 358 3397 .
437 3329 581 3429 piuntur
598 3325 764 3421 maiores,
778 3351 879 3422 quam
900 3352 919 3400 e
937 3327 1080 3427 gallinis.
1100 3331 1215 3427 Atque
1238 3335 1332 3408 adeo
1348 3358 1409 3410 non

439 3441 678 3527 dissimulabo,
702 3441 799 3537 quod
827 3442 939 3534 volo,
961 3443 1003 3513 de
1029 3442 1219 3516 ornithone
1246 3447 1408 3542 primunt,

351 3607 359 3628 r
438 3553 535 3652 quod
562 3551 648 3622 lucri
673 3549 827 3621 fecerunt
853 3552 921 3624 hoc
947 3576 1074 3623 nomen
1099 3552 1199 3624 turdi.
1244 3554 1407 3657 sexaginta

437 3661 531 3735 enim
552 3659 653 3729 millia
676 3658 853 3730 Fircellina
870 3661 1021 3731 excande
1038 3685 1091 3731 me
1107 3659 1406 3762 fecerunt-cupidi·

435 3790 515 3844 tate.
537 3776 718 3852 MERULA,
746 3771 829 3841 Duo
854 3770 954 3857 sunt,
975 3770 1110 3869 inquit,
1132 3773 1341 3853 ornithonis
1361 3799 1406 3874 ge·

306 3885 308 3891 ’
436 3908 527 3955 nera.
548 3908 652 3952 unum
672 3880 901 3951 deleslationis
920 3881 1038 3971 causa,
1059 3903 1097 3954 ut
1118 3887 1235 3955 Varro
1257 3875 1320 3962 hic
1336 3886 1403 3961 serit

436 3993 551 4063 noller
571 3990 630 4061 sub
651 3990 795 4078 Casino,
811 3991 907 4086 quod
921 4012 1089 4065 amatores
1111 3990 1400 4081 invenitmultos.

433 4101 574 4176 alterum
597 4101 723 4175 fruetus
750 4099 870 4192 causa,
894 4126 964 4200 quo
986 4126 1108 4202 genere
1133 4105 1346 4205 macellarii,
1373 4108 1403 4179 δι
