3509 5084
496 494 651 625 crlxvtrr
707 547 973 660 NOTITIA
1011 548 1353 621 LITERARIA

497 730 536 781 ut
560 734 614 780 eas
636 706 704 801 ipse
724 703 843 800 cepisse
862 704 1050 792 rideretur.
1068 706 1131 776 Sed
1154 707 1248 779 illum
1264 733 1334 799 non
1350 697 1453 782 credo

499 809 566 886 huc
586 814 763 910 pertinere.
791 811 826 916 Si
846 814 936 889 enim
964 814 1057 887 aurei
1085 814 1185 888 seculi
1208 816 1353 914 scriptor
1375 819 1454 898 esset

495 927 665 1025 Gargilius
683 923 873 1026 Martialis,
897 925 1110 1013 Columella,
1126 925 1267 1024 diligens
1285 929 1333 1001 rei
1362 928 1455 1000 rusti·

495 1064 544 1113 cae
564 1037 727 1133 scriptor,
747 1035 842 1108 illum
867 1060 938 1108 nort
963 1035 1188 1132 prandisset,
1204 1036 1279 1126 sed,
1302 1039 1397 1135 quod
1414 1039 1455 1108 de

494 1149 568 1223 aliis
589 1149 692 1236 fecit,
711 1149 747 1218 in
772 1146 866 1220 usum
894 1147 988 1219 suum
1016 1144 1246 1219 convertisset.
1272 1149 1342 1220 lam
1369 1136 1456 1220 vero

495 1259 664 1357 Gargilius
685 1258 798 1331 noller
817 1284 835 1330 a
855 1257 1005 1330 Palladio
1026 1257 1161 1329 deinum
1182 1256 1363 1354 allegatur,
1380 1252 1457 1331 &a
1512 1315 1520 1333 .

494 1368 629 1440 nemine
643 1420 652 1448 ‚
668 1365 725 1463 qui
745 1341 895 1438 Palladio
918 1364 964 1437 est
981 1365 1340 1470 antiquior,adroque
1361 1365 1474 1464 secu·x

494 1477 591 1567 lum,
616 1476 710 1574 quod
738 1476 798 1571 ipsr
830 1475 1089 1572 adscripsimus,
1116 1475 1246 1570 optime
1278 1475 1457 1547 convenit.

472 1651 476 1658 .
495 1585 584 1678 Quis
603 1605 713 1658 autem
735 1582 854 1673 fuerit,
876 1595 951 1680 quae
963 1584 1089 1680 patria,
1110 1609 1193 1682 quas
1210 1583 1386 1680 dignitates
1399 1608 1459 1657 or·

495 1693 648 1785 navetit,
671 1718 773 1766 nemo
796 1714 949 1767 veterum
975 1694 1123 1784 tradidit,

687 1849 817 1950 Scripfit
835 1854 864 1920 1.
885 1851 1058 1950 Historiam
1078 1803 1264 1952 Augustum.
1301 1898 1305 1911 ‚

493 2082 496 2088 ,
543 2010 596 2078 Ex
616 2007 777 2104 operibus
794 2008 914 2082 notior
933 2011 1004 2096 est,
1022 2035 1099 2107 quae
1119 2033 1202 2082 tunc
1225 2007 1358 2107 quidem
1381 2009 1457 2082 ela·

375 2123 392 2140 ”
494 2116 650 2204 boravit,
667 2114 791 2210 iniuria
812 2142 900 2190 vero
913 2141 1106 2214 temporum
1120 2116 1220 2190 nobis
1233 2112 1368 2190 invidit.
1383 2116 1461 2188 Pri·

495 2253 555 2300 mo
569 2231 650 2303 loco
673 2225 793 2326 scripta
814 2229 887 2325 ejus
907 2229 1066 2305 historica
1085 2229 1249 2328 tangenda
1270 2228 1364 2314 sunt,
1380 2254 1461 2326 quae

407 2332 413 2343 ’
495 2337 622 2414 scilicet
643 2339 684 2410 ad
701 2364 753 2411 res
770 2338 874 2435 gestas
895 2341 1140 2434 Imperatorum
1160 2341 1397 2413 Romanorum
1412 2338 1459 2410 it-

496 2446 681 2518 lustrandas
709 2445 884 2516 memoriae
911 2445 1071 2539 prodidit.
1102 2445 1211 2516 Testis
1235 2444 1281 2516 est
1307 2448 1461 2542 Lampri-

496 2555 593 2645 dius,
609 2555 685 2651 qni,
699 2576 775 2625 cum
801 2553 1023 2650 frugalitatem
1046 2552 1229 2627 Alexandri
1250 2555 1367 2627 Severi
1389 2582 1461 2631 me·

386 2702 389 2707 >
492 2679 627 2751 morat,
645 2660 826 2757 omniaque
839 2661 901 2755 ipsa
914 2661 954 2732 ad
976 2661 1114 2734 modum
1132 2667 1170 2742 δι
1186 2661 1354 2736 rationem
1373 2691 1460 2761 prae·
1479 2746 1482 2750 ,

494 2769 564 2867 bita
584 2767 681 2841 fuisse
703 2767 822 2859 tradit,
836 2768 1087 2866 ad·„Gargilium
1113 2770 1302 2843 Martialem
1323 2798 1462 2868 provo·

496 2897 570 2968 cat,
588 2876 725 2948 illorum
740 2895 932 2971 temporum
946 2875 1165 2972 scriptorem,
1182 2880 1240 2974 qni
1256 2879 1329 2966 lraec
1347 2880 1459 2979 fingu-

498 2986 591 3060 latim
606 2986 797 3081 persecutus
811 2985 860 3058 fit.
877 2982 1010 3058 Clarius
1026 2984 1062 3057 id
1074 2986 1193 3081 probat
1207 2986 1304 3058 locus
1317 2990 1462 3083 Vopisci

496 3093 689 3180 inprobo,
713 3090 773 3191 qui
786 3091 881 3164 illum
903 3117 974 3167 non
990 3092 1147 3187 optimis,
1164 3093 1217 3174 sed
1239 3102 1349 3166 tamen
1371 3083 1461 3169 vetis
1492 3110 1495 3111 ’
1518 3085 1520 3093 ’

497 3203 717 3302 scriptoribus
728 3204 932 3278 adnumerat.
942 3204 1054 3283 Verba
1070 3204 1140 3299 ejus
1152 3205 1308 3278 heresum
1318 3234 1327 3278 ι
1337 3204 1385 3278 Er
1397 3211 1465 3279 mi«

497 3321 530 3389 rr
539 3318 662 3412 qurum
681 3317 917 3407 tranimur,
928 3343 992 3386 aar
1003 3302 1374 3418 utriustrop‚rtr1·03,
1393 3320 1462 3387 ra-

495 3427 594 3511 euos,
619 3430 859 3521 Trogos‚atqur
874 3452 978 3497 omnes
991 3425 1199 3522 disertiffimor
1221 3431 1361 3498 imitarer
1375 3429 1462 3498 viros

477 3544 532 3610 .irr
548 3543 616 3620 rita
631 3543 811 3633 principum
831 3534 864 3610 Cr
886 3541 1072 3632 temporibus
1090 3532 1288 3635 differendis,
1302 3537 1364 3627 fid
1382 3539 1461 3606 Ma·

419 3652 421 3656 ⁸
497 3655 577 3724 rium
607 3654 819 3738 Maximum,
845 3654 1032 3720 Suetonium
1058 3649 1301 3741 Tranquillum,
1324 3647 1463 3716 Fabium

485 3760 716 3838 ‘Marcellinum
728 3810 742 3842 ,
758 3744 1131 3851 Gargilium'Marrirrlem
1144 3811 1155 3840 ,
1166 3759 1288 3829 lulium
1302 3754 1462 3849 Capitoli·

497 3897 593 3956 rrum,
606 3867 731 3940 AElium
745 3867 962 3957 Lampridium
971 3915 983 3951 ,
992 3868 1157 3958 ceterosque
1169 3917 1179 3948 ,
1190 3865 1241 3956 qui
1253 3862 1315 3933 hnc
1329 3859 1361 3932 d
1375 3862 1459 3934 ralia

500 4007 565 4050 non
584 4003 649 4051 ram
668 3975 794 4071 diserte,
816 3999 911 4069 quum
932 4000 1019 4066 νινε,
1040 3975 1187 4048 memoria
1206 3973 1412 4047 tradiderunt.
