3509 5084
557 559 1186 656 Denruusrrcnarur
1229 624 1233 639 ·
1287 607 1357 682 109

387 731 582 808 discrImina
595 732 749 805 omnium
768 734 895 807 horum
911 756 1073 833 generum
1087 737 1259 826 subtiliora
1272 742 1357 833 alia,
1419 758 1422 765 ’

387 862 428 916 ut
446 844 482 915 in
503 841 653 915 sabulosa
674 857 784 931 terra,
798 841 896 937 quod
918 841 966 913 ibi
987 841 1114 932 refert,
1130 844 1248 916 sabulo
1264 847 1358 920 albus

388 952 452 1042 srt,
466 978 510 1024 an
524 950 732 1024 rubicundus
746 977 755 1023 ε
769 951 865 1046 quod
881 950 1035 1024 subalbus
1050 952 1092 1024 ad
1112 953 1270 1033 serendos
1285 957 1358 1029 sur-

331 1145 334 1149 ,
388 1058 488 1133 culos
515 1059 663 1147 alienus,
691 1075 812 1131 contra
841 1058 1067 1132 rubicundior
1090 1062 1271 1156 appofitus.
1303 1065 1359 1139 Sic

387 1195 510 1266 magna
524 1169 588 1242 tria
601 1167 793 1242 discrimina
810 1185 927 1257 terrae,
941 1167 1036 1264 quod
1055 1167 1156 1241 refert
1169 1223 1181 1258 ,
1194 1188 1305 1244 utrum
1319 1175 1359 1247 srt

390 1305 526 1370 macra,
540 1305 582 1352 an
599 1278 749 1376 pinguis,
772 1303 814 1350 an
829 1275 1021 1351 mediocria.
1040 1302 1111 1376 quo
1129 1272 1172 1352 ad
1190 1283 1358 1358 culturam
1386 1358 1389 1363 ,

389 1387 525 1484 pinguis
540 1386 737 1462 foecundior
754 1387 796 1459 ad
815 1386 942 1475 multa,
957 1410 1069 1460 macra
1090 1396 1224 1463 contra.
1243 1390 1359 1489 staqne

389 1495 427 1570 in
441 1499 500 1586 iis,
515 1516 553 1570 ut
566 1497 602 1568 in
616 1497 775 1593 Pupinia,
788 1521 900 1596 neque
916 1497 1052 1570 arbores
1064 1497 1233 1592 prolixas,
1247 1527 1359 1599 neque

390 1604 482 1705 vites
499 1605 646 1696 feraces,
658 1629 768 1701 neque
787 1603 967 1675 stramenta
982 1604 1101 1676 videre
1118 1607 1219 1678 crassa
1238 1610 1360 1704 possis,

389 1714 508 1815 neque
524 1716 641 1791 ficum
656 1717 850 1805 mariscam,
872 1718 911 1791 δι
935 1717 1074 1789 arbores
1097 1717 1296 1817 plerasque,
1320 1746 1361 1795 ac

389 1850 483 1923 prata
496 1829 683 1916 retorrida,
695 1829 733 1901 δι
750 1826 912 1902 muscosa.
926 1825 1080 1901 Contra
1071 1851 1105 1897 rn
1121 1847 1204 1926 agro
1213 1828 1361 1929 pingui,
1386 1836 1390 1854 ⁶

391 1957 431 2013 ut
452 1939 488 2010 in
511 1939 689 2026 Hetturia,
710 1937 791 2012 licet
809 1938 927 2011 videre
947 1937 1073 2036 segetes
1094 1937 1301 2031 fruduosas,
1321 1971 1361 2017 ac
1394 1976 1398 1984 ·
1419 2021 1424 2030 ,

390 2046 571 2137 restibiles,
582 2051 620 2123 &
632 2049 771 2120 arbores
783 2047 954 2145 prolixas,
966 2050 1004 2118 &
1017 2047 1134 2119 omnia
1148 2049 1217 2122 fine
1230 2051 1363 2126 ιηιιίεοζ

392 2155 432 2226 In
456 2156 620 2230 mediocri
635 2175 745 2229 autem
762 2176 871 2246 terra,
885 2174 923 2229 ut
946 2155 982 2226 in
999 2144 1154 2245 Tiburti,
1170 2160 1265 2254 quod
1279 2185 1360 2264 pro·

390 2265 467 2360 pius
487 2268 638 2370 accedit,
654 2288 778 2341 utnon
797 2269 836 2341 srt
850 2291 985 2357 macra,
1001 2290 1102 2363 quam
1116 2288 1155 2340 ut
1174 2270 1213 2341 srr
1228 2250 1377 2372 jejuna,
1403 2356 1405 2360 Α

390 2399 436 2447 eo
452 2378 494 2448 ad
510 2403 629 2452 omnes
643 2406 694 2453 res
710 2380 947 2468 commodior,
961 2404 1059 2475 quam
1080 2379 1104 2451 sr
1123 2379 1304 2467 inclinavit
1318 2384 1362 2454 ad

392 2482 493 2573 illud,
506 2489 601 2583 quod
612 2489 769 2562 deterius.
781 2491 924 2578 STOLO,
939 2490 1022 2560 Non
1034 2488 1134 2578 male,
1148 2488 1275 2586 inquit,
1285 2515 1362 2588 quae
1443 2532 1446 2538 ·

350 2585 354 2593 ’
394 2590 436 2663 fit
455 2593 577 2669 idonea
593 2615 680 2670 terra
703 2599 743 2669 ad
759 2598 962 2690 colendum,
975 2616 1033 2670 aut
1051 2623 1123 2670 non
1133 2653 1145 2687 ‚
1159 2599 1363 2697 Diophanes

394 2701 579 2801 Bithynius
591 2707 719 2798 scribit,
732 2708 821 2808 signa
835 2708 920 2782 sumi
931 2709 1023 2805 posse
1034 2725 1091 2781 aut
1103 2733 1143 2781 ex
1157 2708 1236 2804 ipsa,
1249 2727 1306 2782 aut
1318 2736 1364 2784 ex
1406 2699 1410 2710 ’
1439 2741 1441 2744 ·

393 2808 454 2902 iis,
466 2839 542 2911 quae
557 2817 737 2890 nascuntur
751 2845 793 2889 ex
809 2844 858 2893 ea.
872 2845 915 2891 ex
930 2819 1014 2912 ipsa,
1027 2818 1049 2888 fi
1067 2818 1106 2888 srt
1123 2835 1209 2888 terra
1225 2820 1299 2889 alba
1310 2812 1362 2909 ,su

394 2922 503 3020 nigra,
515 2927 539 2997 s1
553 2927 659 3011 levis,
672 2953 749 3022 quae
763 2953 839 3000 cum
853 2927 1021 3010 fodiatur,
1036 2923 1133 2994 facile
1149 2921 1285 3010 frietur,
1302 2946 1363 2997 na·

392 3048 534 3131 turaque
546 3060 618 3107 non
634 3037 673 3107 srt
688 3035 840 3107 cineritia
855 3059 943 3106 neve
957 3033 1178 3107 uehementer
1192 3031 1303 3107 densa.
1316 3051 1362 3107 ert

394 3141 436 3216 iis
454 3168 590 3238 autem,
610 3172 686 3244 quae
700 3170 795 3219 enata
815 3148 890 3216 sunt
905 3144 996 3234 fera,
1010 3144 1033 3216 fi
1049 3143 1123 3214 sunt
1139 3143 1295 3240 prolixa,
1310 3165 1362 3217 at·

394 3277 462 3357 que
477 3281 528 3341 ea,
540 3282 615 3354 quae
629 3282 672 3329 ex
690 3258 731 3330 iis
745 3256 835 3330 nasci
851 3254 998 3342 debent,
1011 3277 1123 3327 earum
1138 3277 1252 3324 rerum
1274 3241 1361 3323 fera·
1409 3274 1420 3312 κ

395 3360 457 3435 cia.
471 3365 535 3435 Sed
552 3368 648 3462 quod
664 3367 832 3465 sequitur,
847 3363 981 3436 tertium
995 3361 1079 3433 illud
1095 3362 1136 3430 de
1149 3360 1260 3432 modis
1275 3361 1361 3434 dice.

443 3473 492 3546 X.
518 3474 774 3563 lsle,¹ModoS,
794 3475 918 3569 quibus
939 3470 1138 3540 metirentur
1160 3494 1256 3557 rura,
1276 3469 1360 3541 alius

393 3583 481 3658 alios
504 3586 687 3661 constituit.
709 3610 785 3657 nam
806 3583 841 3652 in
861 3578 1020 3675 Hispania
1033 3578 1195 3650 ulteriore
1209 3580 1361 3650 metiun·
1402 3600 1404 3609 ·

394 3714 451 3769 tur
471 3685 582 3795 jugis‘,
600 3696 635 3767 in
648 3695 832 3791 Campania
846 3690 1020 3779 versibus,
1035 3689 1125 3786 apud
1147 3713 1211 3760 nos
1225 3690 1259 3760 in
1275 3711 1359 3785 agro
1428 3731 1430 3735 ·

396 3807 556 3878 Romano
576 3834 614 3879 ac
637 3803 796 3879 Larino
787 3803 921 3902 rugeris.
945 3802 1064 3900 Jugum
1086 3819 1240 3893 vocant,
1264 3797 1359 3892 quod

396 3913 502 4023 jundi
519 3919 627 3989 boves
649 3941 720 3990 uno
746 3914 799 3987 die
823 3938 960 3986 exarare
983 3912 1118 4006 possint.
1142 3907 1280 3978 Versum
1308 3908 1358 3977 di·

400 4040 627 4109 cuntcentum
638 4021 1029 4122 pedesquoquoversum
1041 4021 1249 4118 quadratum
1262 4017 1359 4115 Juge·
1459 4010 1462 4015 ’
