3509 5084
339 662 502 722 xxxvm
572 642 645 715 Jo.
668 642 883 714 mArrrr.
910 616 1169 713 casuali

338 803 438 876 rebus
467 799 628 875 omnibus
659 799 782 878 melius
808 799 860 876 illi
885 825 962 876 cum
988 801 1171 876 Laurentio
1197 801 1303 879 Rufio

337 929 517 989 convenit.

390 1010 611 1096 XlVstllunc
635 1021 783 1123 denique
804 1046 879 1121 quae
899 1016 965 1093 fata
989 1013 1168 1094 habuerint
1190 1021 1305 1098 rustici

342 1130 471 1220 nostri,
501 1129 731 1227 inquantum
764 1130 865 1226 iuneli
891 1125 1005 1217 fuere,
1030 1128 1215 1205 videndum
1249 1130 1308 1208 est.

249 1256 255 1273 ‘
343 1244 470 1316 Utrum
484 1240 590 1318 exllet
602 1243 687 1319 liber
702 1236 962 1334 manuscriptus,
974 1238 1033 1336 qui
1046 1239 1257 1314 omnes-illos
1270 1240 1307 1313 in

348 1377 456 1427 unum
470 1352 559 1451 quati
579 1371 704 1442 corpus
717 1344 870 1435 redallos
885 1345 1028 1434 haheat,
1048 1371 1119 1420 non
1133 1347 1243 1421 habeo
1255 1347 1309 1420 di·

350 1492 437 1544 cere.
462 1457 655 1554 Sulpicaudi
680 1455 896 1531 occationem
926 1459 1071 1554 praebet,
1101 1460 1195 1557 quod
1221 1458 1310 1531 inter

349 1594 415 1646 tam
443 1567 588 1653 multos,
608 1587 697 1664 quos
724 1565 958 1655 laudavimus,
975 1568 1088 1641 adhuc
1118 1567 1230 1640 nullus
1254 1566 1311 1641 ell.

350 1676 515 1752 Palladius
525 1675 615 1748 solue
627 1674 734 1750 defuit
749 1675 813 1767 illi,
824 1700 894 1774 quo
912 1676 1080 1751 Villorius
1093 1677 1236 1764 mosell,
1252 1702 1313 1750 co·

350 1787 436 1873 dici,
449 1810 548 1884 quem
567 1784 723 1859 describit
734 1786 769 1859 in
779 1785 980 1884 praefatione
990 1788 1228 1885 explicationis
1242 1789 1313 1861 sua·¹

351 1922 426 1971 rum
452 1895 487 1969 in
514 1896 578 1970 hos
600 1897 707 1969 libros
736 1897 1011 1996 castigationum,
1042 1898 1100 1996 qui
1125 1899 1316 1986 Catonem,

352 2007 564 2094 Varronem,
583 2004 833 2095 Columellam,
855 2009 893 2079 δι
915 2004 1099 2084 Martialem
1127 2005 1316 2103 Gargilium

352 2113 675 2210 comprehenderat,
686 2140 833 2212 quorum
847 2092 958 2189 ullmi
971 2116 1042 2190 duo
1062 2116 1238 2213 perieram.
1249 2114 1317 2212 lgi-

353 2236 432 2310 tur,
450 2222 546 2322 quod
568 2227 743 2314 norimus,
764 2225 1041 2321 conjunllionem
1063 2226 1154 2299 illam
1169 2227 1258 2298 suam
1279 2225 1318 2299 &

357 2333 632 2409 neceffitudinem
649 2336 773 2409 debent
793 2321 1319 2432 N1c0m01mson10.quam·

358 2465 460 2537 quam
477 2444 567 2517 eninr
587 2442 644 2520 ille
663 2469 802 2542 quoque
821 2446 857 2516 in
878 2446 942 2517 tria
960 2444 1051 2539 quasr
1071 2443 1246 2516 volumina
1264 2459 1320 2512 to··

358 2549 520 2624 tumhoc
541 2576 667 2650 corpus
689 2554 820 2642 divisrt,
840 2577 987 2652 quorum
1011 2551 1125 2647 primo
1151 2551 1322 2623 Catonem

357 2677 436 2728 eum
457 2661 613 2734 Varrone
632 2659 763 2754 junxit,
780 2661 874 2759 quod
897 2660 953 2733 vel
981 2657 1198 2756 prefationes
1217 2675 1322 2728 ternae

360 2765 545 2864 testantur,
556 2797 640 2871 quas
656 2772 777 2845 deinde
794 2771 928 2842 damus:
946 2771 988 2842 ab
1003 2792 1046 2841 eo
1062 2787 1174 2840 tamen
1191 2785 1323 2860 tempo·

363 2900 402 2951 re
421 2879 618 2979 plerumque
638 2880 732 2953 simul
750 2877 833 2951 editi
853 2879 947 2967 sunt,
962 2879 1001 2953 &
1023 2875 1071 2949 rei
1093 2875 1224 2949 rustico
1241 2873 1325 2946 leri-

365 3006 484 3083 ptores
502 3005 572 3067 aar·
590 2999 696 3087 ἐξοχὴν
713 2986 809 3076 dieti,
829 2985 887 3059 etfi
914 2986 1035 3059 eodem
1047 2981 1132 3079 'jure
1155 2981 1326 3078 Georgica

366 3094 521 3196 Virgilii,
543 3098 581 3169 δι
605 3096 706 3168 Plinii
729 3093 863 3192 aliquot
888 3095 966 3169 libri
993 3093 1108 3166 allumi
1132 3091 1326 3189 potuillent.

364 3206 600 3281 lensonianam
626 3208 729 3306 igitur
751 3207 957 3299 editionem,
984 3230 1049 3304 qua
1072 3203 1244 3302 antiquior
1266 3202 1328 3279 ad·

365 3316 433 3391 huc
447 3317 558 3403 nulla,
572 3319 666 3416 quod
684 3318 969 3411 sciam,innotuit
979 3373 990 3407 ,
1007 3315 1139 3390 curavit
1156 3313 1328 3412 praecipue

368 3431 437 3505 Ga
450 3430 1167 3527 ManutaAraxrrmmuus,quamquam
1181 3424 1329 3499 medium

368 3561 496 3612 nomen
516 3536 584 3611 fere
605 3541 640 3612 in
658 3541 709 3616 his
726 3541 819 3614 libris
836 3541 1024 3627 omittitur;
1045 3562 1116 3610 non
1138 3556 1249 3609 aurem
1273 3556 1329 3607 re·

368 3643 498 3718 tensuit
512 3644 619 3723 solum
641 3666 706 3720 tres
727 3648 856 3740 priores
878 3648 974 3746 (nam
992 3647 1175 3719 Palladium
1195 3638 1336 3714 curavit

370 3761 559 3853 franciscus
584 3763 712 3832 Colucia
726 3757 916 3857 Veqinerfis
922 3758 942 3852 )
955 3756 1009 3830 led
1025 3758 1124 3830 etiam
1141 3750 1330 3824 enarratio-

331 3963 333 3968 ·
370 3897 433 3947 nes
453 3895 582 3944 vocum
602 3867 841 3941 obscuriorum
862 3865 1003 3960 adjecit,
1021 3863 1141 3937 ordine
1164 3861 1331 3936 librorum

374 3986 414 4060 δι
429 3985 577 4081 capitum
592 3978 763 4079 dispositas
776 3975 897 4057 initior
910 4000 985 4072 quae
999 3974 1034 4043 in
1050 3968 1247 4045 Ascenliana
1262 3967 1332 4040 edi·

374 4095 471 4173 tione
498 4095 645 4196 primum
663 4088 822 4170 ridentur
840 4081 1035 4162 elementari
1057 4079 1138 4157 serie
1157 4077 1333 4155 ordinatae.
