3509 5084
388 496 459 570 216
531 497 582 567 Μ,
604 493 886 567 TERENTII
911 493 1208 566 VARRONIS

385 654 499 741 draca,
511 671 604 748 patet
620 653 915 753 inlongitudinem
929 676 961 726 Ρ.
976 676 1108 741 axam
1122 680 1191 751 qua
1206 654 1255 726 ad
1270 655 1363 752 capia

385 765 495 839 tulum
519 764 689 834 rotundus
713 764 779 850 est,
795 785 829 836 P.
850 785 981 836 xxvn.
1002 766 1055 837 lld
1073 767 1148 837 haec
1160 819 1173 852 ,
1190 764 1242 837 ita
1265 782 1306 836 ut
1328 767 1363 839 iu

385 872 537 969 margine
551 873 641 966 quali
654 869 774 945 infimo
786 874 911 945 tabula
925 873 1090 969 descripta
1100 873 1141 944 fit
1153 873 1363 963 ambulatiO,

386 982 431 1053 ab
453 976 640 1052 ornithone
661 981 886 1075 plumula,in
905 1006 973 1077 qua
997 983 1107 1054 media
1128 982 1207 1053 sunt
1226 1008 1365 1073 cavea,

386 1115 457 1184 qua
471 1088 634 1160 introrsus
653 1089 718 1160 iter
732 1090 767 1160 in
780 1115 891 1161 aream
904 1091 962 1163 esl.
983 1094 1026 1179 ln¹
1036 1091 1154 1163 limine
1166 1144 1178 1180 ,
1192 1089 1234 1162 in
1244 1092 1364 1164 lateri·

387 1196 453 1268 bus
475 1197 591 1266 dextra
605 1196 644 1268 δι
657 1195 784 1266 sinistra
806 1194 958 1290 porticus
978 1195 1052 1266 sunt
1070 1195 1290 1289 primoribus
1302 1215 1366 1276 cos

387 1303 514 1376 lumnis
535 1303 700 1401 lapideis,
722 1303 929 1376 intermediis
948 1303 1135 1376 arbusculis
1154 1303 1365 1394 humilibus,

389 1416 580 1502 or'dinatae,
603 1440 682 1487 cum
716 1415 889 1486 asumma
915 1416 1062 1488 macerie
1086 1417 1127 1486 ad
1161 1404 1365 1514 epillylium

389 1527 476 1598 teda
494 1525 646 1619 porticus
665 1525 705 1595 fit
720 1543 792 1597 rete
810 1525 1019 1627 cannabina‚
1033 1527 1072 1599 &
1086 1528 1129 1597 ab
1141 1527 1313 1627 epislylio
1327 1529 1365 1600 ad

390 1633 598 1730 slylobaten.
620 1634 673 1702 hae
692 1633 768 1702 sunt
791 1635 913 1704 avibus
934 1658 1039 1707 omne
1056 1661 1163 1732 genus
1187 1637 1365 1734 oppleta,

390 1743 514 1837 quibus
529 1741 624 1815 cibus
639 1740 846 1813 minislratur
860 1769 922 1838 per
935 1763 1065 1844 retem,
1080 1747 1118 1818 δι
1136 1771 1227 1842 aqua
1244 1747 1365 1821 rivulo

390 1852 487 1924 renui
505 1851 623 1925 affluit.
645 1853 837 1924 Secundum
851 1853 1034 1950 stylobatis
1057 1855 1264 1931 interiorem
1287 1883 1363 1954 par·

390 1985 460 2039 tem
475 1965 616 2051 ,dextra
628 1967 666 2038 δι
685 1963 832 2053 sinislra,
844 1965 885 2036 ad
903 1965 1065 2038 summam
1079 1990 1194 2038 aream
1218 1969 1364 2064 quadra*

391 2097 512 2164 tam,e
528 2076 642 2146 medio
665 2074 807 2146 diversae
824 2076 901 2148 duae
918 2100 991 2146 non
1006 2077 1102 2171 latae,
1119 2075 1177 2147 sed
1199 2077 1363 2174 oblonga

392 2187 472 2259 sunt
491 2185 628 2283 piscinae
645 2184 687 2256 ad
707 2180 860 2280 porticus
880 2184 1006 2258 versus.
1026 2188 1119 2258 luter
1139 2210 1197 2258 eas
1220 2187 1364 2283 piscinas

392 2298 636 2368 tantummodo
663 2294 811 2367 accessus
841 2294 959 2366 semita
987 2294 1022 2365 in
1047 2293 1212 2384 tholum,
1235 2297 1297 2393 qui
1320 2295 1364 2367 cll

393 2407 484 2480 ultra
505 2407 672 2479 rotundus
687 2405 921 2492 columnatus,
934 2426 973 2476 ut
986 2403 1033 2477 esl
1046 2403 1081 2477 in
1101 2404 1175 2476 aede
1190 2405 1364 2494 Camli,fi

393 2543 462 2615 pro
486 2517 668 2612 parietibus
692 2515 815 2589 feceris
842 2516 1029 2588 columnas.
1053 2515 1158 2608 Extra
1184 2541 1243 2607 eas
1267 2517 1365 2590 colu·

393 2650 490 2698 mnas
502 2625 550 2695 est
563 2625 645 2706 filtra
656 2649 759 2696 manu
770 2625 856 2711 sata,
868 2626 1051 2720 grandibus
1066 2625 1249 2698 arboribus
1262 2629 1364 2715 teda,

392 2750 433 2802 ut
452 2729 566 2801 infima
581 2731 773 2825 perluceat,
787 2750 862 2802 tota
882 2731 981 2826 septa
1000 2731 1154 2804 maceriis
1171 2734 1259 2806 altis.
1276 2738 1366 2808 Intra

259 2820 264 2831 ’
327 2916 330 2921 ,
393 2838 483 2910 tholi
507 2840 681 2911 columnas
701 2838 888 2911 exteriores
907 2838 1074 2936 lapidem,
1092 2845 1130 2916 δι
1148 2843 1299 2916 totidem
1315 2846 1366 2917 in·

393 2952 537 3024 seriores
554 2976 596 3024 ex
612 2952 720 3023 abiete
736 2971 876 3040 tenues,
890 2952 989 3038 locus
1004 2953 1049 3025 eil
1063 2973 1096 3024 Ρ.
1111 2975 1139 3023 ν
1154 2953 1256 3030 latus.
1280 2961 1367 3030 lnter

393 3063 572 3136 columnas
599 3058 785 3137 exteriores
811 3086 876 3155 pro
899 3061 1026 3158 pariete
1048 3062 1185 3136 reticuli
1206 3090 1227 3136 e
1249 3068 1367 3140 nervis

394 3173 489 3260 sunt,
508 3191 547 3242 ut
566 3170 708 3266 perspici
730 3172 765 3243 in
788 3172 869 3244 silva
894 3173 1017 3267 poffit,
1035 3175 1074 3246 &
1094 3198 1171 3269 quae
1194 3174 1245 3247 ibi
1272 3177 1367 3268 sunt,

394 3305 508 3379 neque
534 3279 606 3352 avis
627 3304 681 3352 eas
699 3280 848 3356 transire.
869 3284 960 3354 lutra
984 3281 1163 3354 interiores
1185 3285 1368 3381 columnas

393 3413 462 3487 pro
484 3388 610 3484 pariete
632 3407 701 3460 rete
719 3387 884 3461 aviarium
908 3389 955 3462 est
976 3389 1156 3483 objeslum.
1178 3395 1277 3466 luter
1290 3397 1367 3488 has,

396 3502 435 3574 δι
467 3501 650 3572 exteriores
687 3498 850 3597 gradatim
882 3499 1099 3573 substruoum
1135 3519 1172 3571 ut
1199 3518 1370 3602 :temptam

395 3607 524 3680 avium.
546 3607 666 3679 mutuli
686 3607 796 3679 crebri
818 3609 979 3682 omnibus
1004 3609 1173 3682 columnis
1196 3610 1371 3709 imposui,

321 3804 332 3827 Ν
395 3716 510 3790 sedilia
525 3715 651 3787 avium.
665 3718 767 3812 ¹Intra
788 3736 894 3788 retem
912 3741 993 3789 aves
1014 3718 1089 3790 sunt
1109 3742 1216 3789 omne
1240 3745 1370 3816 genus,

394 3830 542 3902 maxime
557 3827 743 3917 cantrices,
757 3851 794 3900 ut
810 3829 997 3902 lusciniolae
1010 3857 1050 3905 ac
1068 3831 1228 3918 merula,
1241 3834 1371 3927 quibus

394 3966 483 4043 aqua
505 3940 709 4047 ministratur
733 3966 794 4040 per
819 3941 1058 4036 canaliculam,
1082 3941 1179 4018 cibus
1201 3941 1369 4040 objicitur
