3509 5084
1314 409 1325 448 Ι

471 591 523 675 90
618 575 669 648 M.
694 571 973 647 tanturn
999 570 1288 643 vnnaortts

471 733 549 805 dum
575 730 724 828 quidque
751 749 789 804 te
811 730 848 801 in
878 724 1035 804 colendo·
1053 748 1214 825 oporteat
1244 730 1362 803 facere.
1385 731 1431 804 Et

470 839 634 937 quoniam
653 837 717 938 (ut
730 837 846 936 ajunt)
873 838 941 910 Dei
955 835 1114 909 facientes
1136 836 1320 930 adjuvant,
1338 837 1433 932 prius

470 948 645 1023 invocabo
658 971 739 1033 e0s;
754 972 837 1036 nec,
850 965 888 1017 ut
902 947 1072 1018 Homerus
1084 948 1121 1020 δι
1133 947 1280 1035 Ennius,
1296 948 1407 1021 Musas
1421 989 1435 1025 2

469 1059 527 1134 sed
546 1080 604 1131 xtt
619 1061 715 1132 Deos
728 1057 917 1132 consentis:
936 1082 1045 1156 neque
1059 1077 1169 1131 tamen
1182 1084 1240 1132 eos
1259 1058 1437 1145 urbanos,
1457 1112 1461 1121 .

469 1195 616 1269 quorum
639 1171 799 1268 imagines
819 1171 861 1242 ad
884 1169 996 1242 forum
1014 1191 1138 1243 auratae
1158 1171 1265 1260 stant,
1284 1170 1338 1242 sex
1360 1196 1437 1242 ma·

470 1307 542 1368 res,
553 1285 590 1357 bt
603 1280 736 1353 semime
752 1282 911 1365 totidem,
929 1281 983 1353 sed
997 1280 1076 1354 illos
1090 1302 1147 1352 xtt
1162 1282 1277 1367 Deos,
1290 1281 1348 1376 qui
1361 1308 1435 1353 ma·

469 1390 559 1464 xime
580 1391 803 1488 agricolarum
825 1391 927 1462 duces
942 1390 1029 1463 lunt.
1050 1391 1219 1478 Primum,
1240 1389 1298 1486 qui
1312 1415 1436 1462 omnes

469 1499 594 1573 frullus
608 1500 822 1597 agriculturae
843 1502 937 1573 coelo
952 1503 989 1574 δι
1003 1518 1091 1573 tetra
1104 1501 1302 1601 continent,
1312 1504 1433 1574 Jovem

471 1606 706 1683 &Tellurem
722 1608 833 1703 iraque
853 1610 947 1704 quod
962 1608 985 1679 ii
1004 1630 1156 1703 parentes
1177 1610 1288 1705 magni
1308 1610 1433 1685 dicun·

388 1799 392 1805 ,
469 1738 549 1807 tur,
568 1716 739 1812 luppiter,
760 1737 851 1810 pater
874 1715 1084 1811 appellatur,
1099 1717 1236 1805 Tellus,
1252 1737 1339 1789 terra
1357 1743 1431 1789 ma·
1509 1783 1514 1793 Ι

467 1845 530 1900 ter.
551 1826 708 1897 Secundo
729 1825 841 1897 Solem
865 1827 903 1897 ὃ(
922 1828 1081 1915 Lunam,
1106 1850 1253 1922 quorum
1276 1845 1432 1921 tempora

467 1935 710 2016 observantur,
727 1958 804 2004 cum
825 1934 979 2028 quaedam
994 1932 1148 2006 seruntur
1168 1937 1206 2007 &
1226 1935 1433 2016 conduntur.

468 2045 591 2119 Tertio
611 2045 832 2117 Cererem&
857 2044 1035 2130 Liberum,
1053 2047 1148 2141 quod
1163 2045 1285 2117 horum
1305 2043 1434 2117 fructus

467 2155 614 2232 maxime
634 2153 806 2228 necessarii
829 2155 872 2228 ad
889 2152 1027 2227 vicium.
1045 2156 1099 2227 Ab
1112 2155 1162 2226 his
1176 2155 1265 2225 enim
1284 2154 1434 2230 cibus&

349 2294 352 2300 ·
433 2315 435 2318 >
464 2264 568 2366 potio
590 2265 719 2336 venite
738 2263 859 2336 fundo.
876 2264 1013 2356 Quarto
1028 2265 1198 2363 Robigum
1217 2290 1256 2338 ac
1277 2264 1433 2352 Floram,

426 2451 429 2454 ⁴
465 2375 593 2474 quibus
615 2374 793 2471 propitiis,
807 2397 919 2470 neque
938 2373 1060 2469 rubigo
1080 2372 1247 2447 frumenta
1264 2393 1364 2469 atque
1376 2398 1434 2444 ar·

465 2486 569 2560 bores
582 2484 785 2576 corrumpit,
799 2507 909 2583 neque
921 2506 992 2554 non
1007 2481 1348 2579 tempestiveflorem.
1365 2484 1433 2553 lta-

447 2619 536 2692 ,que
557 2594 702 2689 publicae
722 2593 864 2691 Robigo
890 2591 985 2665 feriae
1003 2593 1167 2690 robigalia
1178 2618 1191 2679 ;
1209 2592 1342 2681 Flotae,
1362 2591 1434 2663 ludi

465 2701 600 2776 floralia
611 2703 769 2775 instituti.
786 2708 868 2774 Item
883 2702 1076 2775 adveuetor
1095 2702 1286 2772 Minervam
1308 2702 1346 2771 &
1364 2703 1435 2770 Vc*
1499 2700 1503 2712 “

242 2842 251 2869 ³
345 2855 350 2864 ,
466 2837 761 2908 nerem,quarum
788 2814 890 2884 unius
910 2809 1106 2910 procuratio
1128 2807 1269 2895 oliveti,
1293 2807 1486 2881 alterius.

465 2925 646 3013 hortorum
657 2926 669 3009 ²,
682 2946 753 3021 quo
766 2922 907 2993 nomine
918 2919 1038 2994 rustica
1050 2919 1176 2994 vinalia
1188 2919 1342 2993 instituta.
1355 2917 1433 2992 Nec

465 3056 541 3103 non
554 3031 658 3118 etiam
678 3055 799 3127 precor
811 3030 1006 3126 Lympham
1024 3054 1064 3101 ac
1083 3031 1218 3102 bonum
1240 3029 1433 3117 Eventum,
1461 3124 1464 3130 ,

344 3221 347 3228 ¹
465 3140 630 3238 quoniam
653 3140 721 3212 fine
741 3164 826 3237 aqua
843 3136 958 3209 omnis
980 3138 1071 3210 arida
1091 3162 1130 3211 ac
1150 3135 1267 3209 misera
1284 3133 1432 3230 agricul-

465 3265 568 3336 tura,
588 3246 656 3319 fine
677 3246 826 3320 succellu
841 3270 882 3316 ac
901 3245 998 3317 bono
1018 3268 1166 3334 eventu,
1184 3242 1355 3315 frustratio
1367 3238 1435 3334 est,

466 3376 541 3429 non
559 3357 696 3430 cultura.
716 3355 761 3428 lis
779 3354 879 3452 igitur
894 3353 977 3426 Deis
994 3354 1035 3425 ad
1052 3352 1307 3425 venerationem
1322 3349 1432 3422 advo·

466 3463 570 3554 catis,
583 3491 648 3562 ego
669 3464 810 3538 referam
826 3464 996 3536 sermones
1014 3486 1095 3552 eos,
1113 3485 1203 3560 quos
1225 3460 1267 3533 de
1286 3457 1432 3557 agricula

464 3591 542 3650 tura
565 3575 741 3649 habuimus
767 3602 899 3673 nuper,
921 3600 963 3648 ex
987 3573 1136 3673 quibus,
1161 3565 1243 3668 quid
1271 3590 1304 3643 te
1323 3568 1434 3643 facere
1498 3657 1502 3672 ι

466 3703 642 3781 oporteat,
657 3683 924 3758 animadvertere
939 3684 1134 3778 poteris,in
1153 3681 1246 3780 queis
1264 3706 1339 3776 quae
1359 3704 1434 3752 non
1499 3752 1501 3757 .

467 3791 602 3866 inerunt
618 3792 656 3864 δι
671 3808 825 3887 quaeres,
847 3789 1006 3865 indicabo
1030 3814 1049 3860 a
1063 3787 1197 3889 ¹quibus
1213 3786 1435 3882 scriptoribus

468 3901 666 3998 reperias&
682 3897 833 3987 Graccis,
848 3901 887 3974 δι
909 3897 1042 3973 nolitis.
1063 3898 1135 3992 Qui
1154 3900 1276 3969 Graece
1298 3894 1434 3991 scripse·
1512 3924 1519 3937 ¹

467 4023 550 4084 runt
570 4008 760 4109 dispetlim,
775 4008 858 4083 alius
871 4008 912 4083 de
932 4005 1070 4102 aliare,
1088 4002 1251 4101 sumplus
1267 4001 1432 4102 quinqua·

1162 4323 1183 4368 Γ
