3509 5084
469 556 577 615 citur
812 537 1079 606 INDEX
1225 600 1229 608 .

524 714 526 719 ’
571 658 621 756 ¹te
635 693 785 766 Fabricio,
801 711 868 752 cum
887 691 924 752 ad
942 710 987 753 an.
1006 681 1081 773 1529
1099 691 1249 753 referenda
1265 689 1370 753 fithac
1383 690 1421 754 il·

591 776 685 837 lorum
702 773 917 834 editiodimile
933 770 1072 832 mendum
1091 770 1147 831 elie
1162 774 1273 834 videtur
1288 775 1318 833 in
1330 773 1420 834 Catal.

587 854 832 938 Bibl.·Hulsranae‚
851 856 901 930 qui
915 854 1030 931 Scriptt.
1039 851 1074 916 R.
1085 851 1118 916 lt
1136 873 1208 935 ¹535
1221 853 1302 916 Bafil.
1315 878 1335 929 4
1350 857 1422 918 edit.

590 937 734 1000 adscribit
752 955 798 996 an.
820 934 928 1016 1635.)
1391 1017 1397 1031 Ι

474 1024 547 1106 ¹⁶⁵⁵
589 1011 1423 1176 {tininiirritis.tthl¹⁰tllrtihti⁶i

590 1180 786 1250 medicorum,
804 1177 841 1236 de
854 1196 885 1237 re
898 1175 1028 1236 herbaria
1037 1174 1180 1237 videlicet.
1195 1197 1221 1247 r.
1233 1176 1265 1238 L.
1277 1176 1343 1250 Jun.
1356 1180 1423 1241 lilo-
1446 1194 1449 1201 ·

591 1262 685 1322 derati
712 1255 881 1320 Columella
906 1254 1000 1318 cultus
1029 1256 1102 1337 hort.
1131 1279 1157 1318 2.
1185 1255 1303 1319 Palladii
1319 1258 1422 1320 Rutilii

471 1394 477 1403 ,
591 1342 679 1406 Tauri
691 1339 835 1403 lEmiliani
849 1339 886 1399 de
899 1338 1049 1398 infitiune:
1068 1357 1136 1398 cum
1146 1335 1269 1399 aliorum
1288 1339 1424 1401 villaticis

592 1443 679 1484 carm.
697 1441 722 1500 3.
741 1419 902 1480 Walafridi
918 1418 1010 1481 Strabi
1022 1418 1157 1479 Germani
1175 1417 1331 1481 Hortulus:
1355 1441 1424 1482 cum
1468 1460 1473 1466 ·

591 1503 658 1565 riuli
681 1501 814 1578 Septimii
832 1501 930 1562 Sereni
952 1499 1078 1561 Moreto.
1102 1523 1130 1572 4.
1146 1500 1242 1562 lllacri
1261 1504 1298 1561 de
1318 1501 1425 1563 viribus

519 1598 528 1625 r
591 1582 745 1644 herbarum
762 1599 828 1641 cum
844 1581 1013 1658 appendice.
1034 1600 1060 1660 5.
1073 1581 1177 1642 Incerti
1194 1581 1335 1658 scriptoris
1350 1583 1426 1644 Grae-

591 1666 619 1724 ci
633 1666 670 1723 de
686 1661 874 1723 facultatibus
892 1660 1053 1738 plantarum
1070 1662 1248 1739 quarundam
1262 1664 1336 1741 Epos
1357 1683 1427 1725 cum

591 1743 684 1823 prosa.
705 1745 733 1805 6.
748 1740 874 1804 Thellali
898 1743 1061 1821 mysterium
1078 1743 1116 1804 ad
1136 1743 1284 1812 Hermen,
1306 1747 1343 1804 de
1365 1745 1427 1808 Xll
1455 1792 1460 1803 ,

591 1825 689 1885 herbis
705 1844 754 1899 per
769 1822 925 1902 Xll'srgna
943 1823 1102 1885 zodiaci&
1120 1823 1157 1884 de
1170 1824 1224 1886 Vll
1243 1823 1304 1886 aliis
1322 1824 1426 1886 secun·

593 1909 665 1968 dum
682 1904 735 1967 Vll
753 1903 890 1982 planetas.
904 1927 932 1982 7.
947 1903 1102 1966 Alexandri
1117 1904 1191 1982 Imp.
1208 1906 1245 1965 de
1256 1906 1310 1968 vll
1324 1905 1427 1968 herba·

592 2007 656 2048 rum
674 1984 825 2046 virtutibus
841 2004 910 2066 quas
925 1985 1085 2062 percipiant
1100 1984 1137 2046 ab
1155 1985 1305 2048 influentia
1324 1987 1425 2064 plane·

592 2080 696 2128 tarum.
709 2066 737 2127 8.
746 2065 794 2140 Jo.
807 2066 1031 2129 mediolanensis
1040 2065 1140 2128 schola
1157 2066 1287 2132 Salernit.
1300 2091 1329 2150 9.
1344 2069 1428 2131 The-

592 2149 691 2210 saurus
715 2166 873 2225 pauperum
893 2147 1055 2208 methodici
1079 2147 1163 2210 Batb.
1188 2170 1232 2210 ro.
1249 2149 1365 2229 Apuleji
1389 2151 1426 2211 de

593 2227 762 2291 nominibus
781 2230 815 2313 ¹&
838 2228 1081 2303 medicaminibus
1106 2228 1227 2307 herbar.
1246 2253 1291 2297 rr.
1308 2232 1427 2303 Antonii

594 2309 686 2374 liiusae
702 2304 905 2382 deBet‘ouica.
928 2329 971 2371 12.
987 2310 1073 2372 vestii
1087 2308 1214 2373 Valentis
1227 2312 1379 2374 Antiochei
1389 2314 1427 2375 de

596 2392 737 2453 Planetar.
754 2391 881 2466 naturis,
899 2393 927 2452 ἀ
945 2390 1050 2466 quibus
1065 2392 1177 2467 praelint
1192 2394 1222 2451 in
1237 2413 1325 2472 regno
1338 2396 1428 2455 mine-

594 2471 667 2547 rali,
690 2470 843 2549 vegetabili
866 2469 1038 2534 &animali
1061 2471 1120 2548 Qui
1144 2473 1265 2548 junctim
1287 2494 1366 2534 nunc
1385 2479 1427 2538 ita

599 2555 762 2630 compacti,
774 2565 806 2611 ut
821 2550 947 2612 invicem
958 2552 1101 2627 conferri,
1114 2552 1284 2626 emaculari,
1296 2556 1429 2619 illustrari

596 2639 624 2696 dt
648 2631 771 2696 enarrari
796 2630 928 2705 valeant,
945 2632 1086 2710 praemiffa
1104 2633 1187 2694 simul
1209 2637 1246 2695 de
1262 2639 1427 2699 auctoribus

593 2715 662 2797 iplis
674 2713 844 2792 praeiatione
856 2715 883 2774 dr
897 2711 1051 2788 subjuncto
1066 2714 1162 2776 indice
1178 2714 1329 2777 herbarum
1339 2722 1427 2779 madii

594 2795 632 2858 ab
649 2797 702 2857 lin.
713 2794 832 2867 Rivius,
841 2791 912 2856 Phil.
925 2797 953 2856 dc
965 2794 1045 2858 Med.
1056 2795 1094 2856 D.
1109 2814 1143 2856 ac
1154 2795 1185 2858 P.
1200 2797 1230 2858 Ρ.
1243 2797 1356 2873 Lipfiae,
1376 2801 1426 2859 ubi

594 2876 734 2956 prostant(
749 2874 779 2935 in
803 2872 982 2954 Bibliopolio
1004 2873 1221 2954 Ellingeriano.
1237 2877 1302 2940 AEra
1324 2877 1428 2940 Christi

593 2974 633 3014 00
646 2957 759 3023 IOCLV.
770 2955 806 3019 In
820 2955 1003 3018 fineaudior:
1015 2960 1079 3019 Cum
1091 2962 1204 3019 nudiores
1214 2959 1334 3040 pramiffi
1341 2983 1428 3021 omnes

597 3041 624 3099 d·
633 3039 732 3122 fingulr‘
756 3060 791 3102 ex
812 3056 890 3102 anua
909 3039 989 3098 editis
1011 3041 1090 3119 recrtfi
1102 3041 1173 3119 surr,
1191 3040 1279 3134 iraque
1297 3060 1375 3123 prout
1392 3043 1430 3101 ibi

592 3118 733 3199 jacebant,
744 3118 799 3199 fere
806 3120 916 3200 fueram
930 3118 1031 3194 νιΙὶἑΞὶς
1046 3141 1127 3200 neque
1147 3123 1217 3180 nevi
1234 3123 1295 3202 nist,
1314 3123 1359 3202 qui
1373 3125 1429 3200 ple-

597 3198 680 3278 risque
696 3200 877 3272 adlambunt,
888 3200 982 3278 ubique
989 3199 1109 3280 stallati,
1127 3222 1172 3261 nec
1187 3204 1245 3283 ipfir
1260 3205 1326 3270 adeo
1333 3205 1429 3285 spiral-

596 3298 669 3359 mata
684 3280 889 3362 typographica,
905 3300 1012 3360 quorum
1025 3282 1199 3342 contritorem
1207 3283 1243 3344 B.
1254 3284 1354 3343 Latiari
1363 3306 1430 3344 com·

595 3363 765 3436 mandamus,
780 3361 877 3441 reliqua
903 3361 1170 3441 animadverfionibus
1189 3366 1281 3444 nostris
1302 3366 1431 3444 reservan-

596 3459 647 3503 res.
666 3443 725 3502 Has
743 3459 811 3505 vero
837 3441 1096 3513 animadversiones
1122 3461 1270 3520 nunquam
1296 3445 1429 3522 prodiiffe

599 3520 737 3583 credibile
754 3522 802 3588 est.
819 3522 903 3586 Certe
920 3521 975 3584 nec
989 3521 1086 3585 volam
1100 3542 1156 3585 nec
1171 3525 1320 3604 vestigium
1333 3545 1430 3588 earum

598 3601 709 3678 uspiam
724 3605 829 3681 reperit
850 3604 1002 3667 Gesnettrs.

600 3682 685 3742 Halae
705 3684 880 3764 Maglieburg.
905 3706 949 3746 12.
964 3685 1042 3762 apud
1055 3684 1102 3758 Jo.
1120 3686 1187 3749 Ern.
1203 3686 1365 3766 Frirschium.
1384 3688 1430 3749 Μ.

599 3760 666 3825 Ter.
688 3762 820 3822 Varronis
837 3761 903 3829 libri
918 3777 976 3824 tres
996 3764 1033 3826 de
1049 3784 1079 3827 re
1095 3768 1214 3841 rustica.
1232 3784 1337 3842 wegen
1356 3766 1434 3830 ihrer

601 3841 853 3924 Vo'rtreflichlteit,
877 3844 1056 3907 Nuzbarleit
1078 3848 1140 3908 und
1165 3844 1345 3922 Seitenheit‚
1372 3869 1433 3910 von

600 3942 706 3988 neuem
722 3922 775 3984 mit
791 3921 867 3984 Fleis
887 3923 1062 4003 iibersehen,
1077 3924 1266 3991 bedaechtlich
1282 3929 1433 4006 ausgebes·

408 4050 411 4057 ·
479 4056 482 4063 .
601 4006 675 4087 sert,
698 4004 729 4071 in
750 4003 948 4086 Paragrapbos
974 4006 1154 4090 abgatheilt,
1171 4008 1226 4072 ruit
1244 4007 1432 4076 lateinischen
