3509 5084
433 531 513 604 DE
536 532 587 602 M.
611 526 835 602 PORCIO
863 535 1101 610 CATONE.
1184 558 1267 614 xcv

295 688 830 778 obseruatum,Voffio,Baelio,
843 711 944 790 atque
960 695 1109 770 Henrico
1125 699 1266 774 Norifio

294 797 497 895 cenotaph.
513 795 701 871 Pisamdill.
727 823 757 887 t,
771 823 801 872 c.
830 826 861 887 r,
884 827 916 894 p.
934 828 968 893 4.
983 805 1111 880 Laudes
1135 807 1207 881 suas
1229 809 1266 880 in

293 909 372 983 hoc
395 930 499 1003 opere
508 905 650 979 minime
661 907 853 1001 praeteriisse
865 910 1058 1001 Catonem,
1073 913 1175 988 docet
1189 915 1267 987 Plu·

293 1018 439 1093 tarchus
459 1014 494 1089 in
512 1014 587 1087 vira
603 1039 636 1110 p.
660 1035 740 1107 344.
755 1013 825 1110 lpse
839 1016 928 1087 Cato
948 1042 1050 1092 manu
1068 1019 1125 1094 sua
1140 1022 1267 1095 descri-

294 1147 396 1225 ptum
418 1122 609 1218 maioribus
629 1121 732 1195 literis
752 1122 931 1219 legendum
956 1122 1030 1197 filio
1054 1126 1115 1200 suo
1134 1153 1266 1227 propo·

296 1235 380 1326 suit,
400 1253 442 1309 ut
452 1230 638 1306 domestica
649 1232 802 1328 exempla
818 1231 955 1307 virtutis
972 1233 1142 1311 edisceret.
1162 1240 1211 1311 ld.
1230 1265 1267 1335 p.

300 1345 522 1443 348.laudar
533 1342 600 1416 hoc
612 1367 699 1438 opus
710 1342 835 1415 Cicero
850 1345 958 1416 Bruto
979 1370 1052 1441 cap.
1064 1349 1174 1421 XVls.
1186 1347 1267 1420 lllu·

299 1454 466 1528 slraverat
477 1450 558 1525 olim
570 1455 718 1524 Statilius
732 1455 923 1539 Maximus,
934 1471 971 1526 ut
985 1477 1004 1526 e
1017 1454 1172 1529 Charisro
1188 1459 1264 1531 eol·

300 1565 423 1664 ligitur.
446 1569 639 1662 Fragmenta
661 1563 777 1635 harum
798 1563 980 1659 Originum
995 1591 1013 1637 e
1028 1566 1265 1642 Grammaticis

300 1677 333 1750 δι
349 1675 428 1749 aliis
444 1673 583 1748 coueua
601 1672 817 1770 reperiuntur
834 1673 922 1748 inter
937 1677 1131 1775 Fragmenta
1145 1677 1264 1752 Histo-

299 1785 452 1859 ricorum
473 1782 832 1881 veterum‚separatim
846 1786 944 1859 &ad
967 1787 1095 1862 calcem
1117 1789 1263 1864 Sallustii

264 1940 272 1957 ·
299 1895 455 1968 Cortiani
474 1896 547 1970 &o
566 1891 665 1965 edita.
958 1979 960 1983 ἢ

343 2007 404 2077 Dc
420 2032 452 2078 re
469 2005 600 2076 militari
611 2006 706 2091 liber,
725 2001 876 2077 laudatus
894 2002 969 2099 poll
988 2005 1072 2078 alios
1085 2008 1181 2081 loan.
1201 2011 1263 2084 Sa·
1373 2024 1376 2031 '

298 2115 487 2191 risberienfi
503 2119 575 2208 Vl,
594 2142 635 2213 19
653 2115 853 2189 Policrarici
867 2117 956 2189 Vide
977 2120 1017 2190 de
1032 2120 1261 2198 hoc'Catonis

298 2224 430 2321 scripto
450 2225 675 2301 Stewechium
702 2221 889 2320 adVegetii
909 2223 967 2297 lib.
990 2250 1028 2313 t,
1054 2251 1126 2322 cap.
1148 2229 1188 2314 8,
1202 2232 1262 2327 qui
1415 2254 1418 2261 ·

265 2394 272 2407 .
297 2350 416 2407 tamen
429 2331 574 2424 fallitur,
592 2333 793 2428 cumplures
808 2331 915 2403 libros
930 2331 1029 2426 hujus
1041 2337 1228 2432 argumenti
1242 2362 1261 2408 a

296 2445 435 2518 Catone
447 2442 590 2540 scriptor
608 2462 725 2541 putat,
740 2445 778 2516 &
793 2441 977 2515 Orationes
991 2443 1173 2517 confundit
1184 2469 1262 2516 cum

298 2549 412 2640 libris3
426 2550 484 2624 etsi
502 2552 539 2626 &
555 2552 589 2624 hi
607 2554 646 2625 &
666 2550 733 2622 illae
750 2548 882 2626 Graecis
903 2549 978 2623 sunt
1000 2562 1101 2646 slyer,
1120 2551 1159 2624 &
1179 2551 1263 2624 Gel·
1414 2588 1417 2593 ·

298 2657 365 2733 lius
380 2687 518 2760 quoque
539 2661 742 2736 Orationem
754 2659 897 2734 Catonis
913 2660 953 2732 de
968 2656 1056 2732 falsus
1077 2661 1199 2759 pugnis
1218 2662 1261 2734 li·

299 2766 395 2843 hrum
421 2772 566 2868 appellat
586 2771 644 2860 X,
669 2794 711 2867 3,
732 2771 770 2842 &
795 2769 917 2842 librum
940 2790 1061 2843 contra
1083 2771 1259 2844 Tiberium
1396 2864 1404 2879 .

298 2877 536 2972 Sempronium
556 2882 714 2976 Longum
736 2878 883 2950 exsulem
901 2882 949 2965 ΙΙ,
976 2904 1030 2968 14·
1302 2970 1305 2977 Ι

345 2989 432 3057 Libri
453 2991 647 3092 quaestionum
663 2988 927 3090 Epistolicarum,
941 2984 1072 3057 Gellius
1100 2985 1186 3073 Vll,
1207 3005 1259 3057 10.

344 3100 501 3200 Epistola.
524 3099 670 3182 Plinius,
692 3096 823 3186 Festus,
844 3095 1028 3170 Priscianus
1051 3097 1120 3169 διο.
1223 3118 1227 3129 ·

346 3210 406 3279 Dc
426 3213 571 3296 Oratore,
584 3213 631 3281 ad
633 3211 753 3300 filium.
770 3206 959 3279 Diomedes
974 3204 1031 3275 lib.
1051 3210 1072 3276 Ι.
1090 3229 1162 3302 pag.
1180 3203 1260 3302 358.

281 3315 551 3410 'Quinslilianus
572 3321 634 3406 Ill,
660 3343 672 3388 1
690 3344 698 3388 :
715 3320 931 3388 Romanorum
944 3318 1088 3409 primus,
1104 3339 1258 3408 quantum

296 3453 350 3523 ego
366 3431 488 3523 quaisem
499 3429 618 3520 sciam,
635 3429 780 3500 condidit
801 3431 908 3520 aliqua
927 3429 963 3495 in
981 3427 1040 3494 lac
1054 3427 1182 3494 materia
1203 3427 1253 3498 M.

302 3544 380 3611 Cato
393 3544 446 3611 ille
460 3542 632 3635 Censorius.
696 3555 698 3558 ⁴

347 3650 514 3720 Orationes
526 3649 622 3721 varia
642 3645 802 3738 (centum
821 3643 860 3716 &
883 3638 1125 3740 quinquaginta
1145 3639 1258 3740 legisse
1291 3681 1295 3686 ·
1384 3726 1386 3731 Ι

298 3754 329 3828 se
347 3758 482 3829 testatur
507 3759 632 3831 Cicero
657 3757 692 3826 in
716 3758 822 3828 Bruto
849 3779 922 3850 cap.
949 3751 1083 3850 xvu.)
1106 3778 1185 3850 quas
1211 3753 1254 3822 ab

298 3866 541 3955 adolescentia,
559 3884 595 3938 ut
612 3867 658 3938 est
679 3866 766 3960 apud
787 3865 974 3964 Nepotem,
993 3861 1164 3947 confecit,
1182 3859 1258 3930 lau·

300 3974 389 4051 datae
407 3977 592 4076 Ciceroni,
612 3978 761 4054 Varroni
773 3977 926 4071 ,Livio',
943 3963 1126 4050 Plutarcho
1144 3971 1179 4048 in
1195 3969 1257 4047 Vi·
