3509 5084
560 372 576 404 Ι

442 532 512 621 ,ρο
587 505 1272 588 u.ser·.eurrrvsuuou1s.

430 679 517 774 ,gios
531 677 657 748 addunt
674 675 853 772 coagulum
875 671 1106 771 magnitudine
1128 670 1235 758 oleae,
1246 683 1286 773 ut
1300 681 1420 744 coeat

383 807 394 827 ⁴
429 782 536 882 'quod
559 786 677 858 melius
698 785 890 880 leporinum
914 784 1170 885 &burdinum
1191 781 1418 879 quam‘agni·

404 906 407 923 '
443 921 536 966 num.
559 892 617 966 alii
633 920 697 988 pro
719 895 863 991 coagulo
884 894 1010 965 addunt
1030 893 1072 965 de
1094 888 1151 964 fici
1166 916 1263 976 ramo
1285 890 1362 978 lac,
1376 890 1418 964 &

434 1022 587 1091 acetum.
605 1003 794 1102 aspergunt
819 1001 900 1074 irem
923 1002 997 1073 aliis
1018 1001 1150 1098 aliquot
1172 1000 1291 1085 rebus,
1316 995 1417 1093 quod

444 1109 559 1182 Graeci
573 1109 744 1207 appellant
759 1109 814 1181 alii
829 1109 984 1197 eramalii
999 1117 1132 1204 suaper.
1147 1109 1230 1179 Non
1246 1106 1418 1204 negarim,

443 1224 596 1314 inquam,
612 1220 691 1291 ideo
710 1220 800 1316 apud
821 1219 912 1291 divae
932 1218 1067 1290 Rumiae
1088 1218 1278 1292 sacelluma
1299 1216 1418 1313 pasio-

399 1323 406 1329 ’
442 1330 538 1402 ribus
553 1330 655 1401 satam
679 1326 792 1401 sicum.
817 1328 865 1407 ibi
886 1328 977 1400 enim
999 1328 1108 1399 solent
1129 1326 1307 1418 sacrificari
1332 1327 1419 1401 lade

443 1464 512 1538 pro
530 1439 639 1526 vino,
654 1441 691 1513 ὅ(
708 1421 771 1536 pro
786 1438 995 1510 ladentibus.
1009 1463 1163 1511 mammae
1180 1438 1272 1511 enim
1285 1435 1418 1527 rumis,

444 1550 518 1624 sive
539 1576 663 1640 rumae,
679 1570 718 1622 ut
741 1570 819 1623 anre
842 1546 1020 1639 dicebant,
1040 1575 1059 1622 a
1081 1549 1190 1636 rumi;
1208 1548 1343 1623 &inde
1362 1547 1418 1622 di·

438 1662 572 1734 'cuntur
585 1661 732 1734 subrumi
746 1661 823 1760 agni
840 1661 1037 1751 studentes,
1051 1687 1070 1732 a
1083 1660 1178 1734 lade.
1192 1660 1290 1754 Quin
1301 1660 1417 1759 vasper·

393 1815 395 1819 ψ
444 1765 478 1864 gi
500 1765 609 1839 solent
627 1767 731 1841 sales:
754 1769 876 1842 melior
891 1768 1026 1858 fossilis,
1043 1796 1145 1866 quam
1166 1769 1331 1844 marinus.
1358 1773 1418 1845 De

444 1874 581 1948 tonsura
610 1877 754 1968 ovium,
780 1879 927 1973 primum
959 1877 1198 1953 animadverto
1233 1899 1419 1976 antequam

443 1980 608 2081 incipiam
628 1986 760 2078 facere,
775 2014 855 2059 num
877 1986 1023 2061 scabiem
1039 1989 1096 2060 aui
1116 1989 1229 2061 ulcera
1248 1989 1418 2079 habeant,
1475 2069 1477 2072 ,

445 2114 509 2182 ut,
530 2096 555 2167 si
574 2121 664 2194 opus
686 2099 752 2190 est,
773 2117 851 2172 ante
874 2117 1057 2187 curentur,
1077 2124 1177 2195 quam
1200 2100 1432 2173 tondeantur„

444 2200 614 2277 Tonsurae
630 2224 764 2302 tempus
779 2208 868 2280 inter
881 2204 1120 2303 aequinoslium
1136 2231 1282 2280 vernum
1298 2209 1336 2282 δι
1349 2206 1420 2282 sol·

443 2314 591 2404 ¹slirium,
605 2340 682 2390 curn
701 2319 816 2390 sudare
835 2319 1037 2414 inceperunt
1052 2341 1150 2392 oues.
1167 2342 1274 2415 aquo
1296 2318 1421 2392 sudore

447 2451 567 2500 recens
590 2426 667 2499 lana
687 2429 785 2501 tonsa
809 2426 923 2501 sucida
946 2426 1111 2523 appellata
1133 2426 1189 2499 est.
1210 2426 1347 2500 Tonsas
1364 2453 1420 2501 re·

445 2530 563 2611 centes
589 2538 711 2609 eodem
738 2538 793 2609 die
818 2555 1011 2636 perungunt
1034 2536 1120 2611 vino
1150 2541 1188 2612 δι
1213 2538 1324 2611 oleo:
1346 2563 1421 2611 non

443 2671 551 2737 nemo
572 2649 725 2723 admixta
747 2674 823 2721 cera
845 2650 942 2738 alba,
961 2653 998 2723 δι
1019 2649 1118 2745 adipe
1141 2647 1250 2722 suillo.
1270 2649 1312 2722 δι
1332 2648 1358 2720 si
1382 2675 1422 2722 ea

446 2756 533 2839 tesla
552 2754 637 2827 solet
655 2754 737 2845 esse,
752 2782 851 2854 quam
871 2757 990 2849 habuit
1011 2758 1134 2854 pellem
1153 2743 1332 2852 injectans,
1345 2785 1421 2844 eam

442 2862 649 2937 intrinsecus
663 2865 779 2936 eadem
797 2889 833 2935 re
846 2863 1096 2960 perinungunt,
1111 2867 1149 2938 &
1162 2881 1281 2961 tegunt
1294 2866 1422 2939 rursus.

445 2973 481 3063 Si
495 2973 614 3070 quain
630 2972 770 3047 tonsura
786 2976 919 3072 plagam
935 2973 1084 3068 accepit,
1100 2997 1176 3044 eum
1192 2974 1310 3048 locum
1324 2975 1422 3048 obli·
1460 3062 1462 3066 Ι

420 3132 423 3138 -
443 3101 534 3156 nunt
551 3082 627 3179 pice
646 3082 786 3179 liquida.
806 3086 905 3156 Oves
921 3083 1025 3155 hirtas
1046 3083 1192 3155 tondent
1207 3082 1348 3157 circiter
1364 3109 1422 3159 or·

444 3195 603 3267 deaceam
620 3194 753 3266 messem
768 3222 777 3268 :
790 3195 826 3266 in
842 3193 917 3269 aliis
931 3182 1018 3268 locis
1031 3214 1107 3268 ante
1125 3192 1303 3269 foenisicia.
1326 3196 1421 3290 Qui·

420 3358 423 3368 ·
443 3303 591 3378 damhas
605 3303 640 3376 in
656 3330 750 3380 anno
764 3306 815 3378 bis
829 3308 992 3397 tondent,
1003 3324 1040 3379 ut
1053 3292 1089 3378 in
1104 3305 1264 3402 Hispania
1278 3306 1420 3381 citerio-

444 3428 557 3500 re,'ac
577 3410 746 3486 semestres
764 3412 892 3487 faciunt
907 3411 1073 3487 tonsuras.
1095 3413 1264 3508 duplicem
1282 3413 1421 3510 impen-

393 3525 396 3545 '
443 3526 533 3599 dunt
546 3549 705 3621 operam,
720 3526 818 3625 quod
841 3518 885 3600 fic
901 3526 975 3625 plus
994 3543 1112 3622 putant
1132 3524 1205 3598 sieri
1225 3527 1323 3598 lanae.
1346 3551 1420 3625 quo

442 3632 586 3707 nomine
598 3633 734 3729 quidam
749 3634 799 3708 bis
814 3635 925 3708 secant
940 3653 1044 3731 prata.
1060 3632 1307 3733 Diligentiores
1323 3653 1420 3736 tege-

442 3743 559 3818 ticulis
575 3742 727 3838 subjectis
740 3763 828 3820 oves
849 3745 993 3819 tondere
1016 3743 1126 3820 solent
1136 3799 1149 3835 ,
1164 3768 1206 3817 ne
1227 3742 1294 3839 qui'
1311 3741 1420 3820 flocci

442 3850 620 3928 intereant.
642 3853 728 3928 Dies
750 3855 793 3927 ad
817 3878 890 3927 eam
905 3877 974 3925 rem
987 3850 1163 3926 sumuntur
1176 3850 1281 3924 sereni
1294 3903 1307 3940 ,
1320 3853 1364 3926 δι
1377 3852 1420 3928 iis

393 4000 396 4004 ·
441 3957 477 4035 id
496 3956 624 4039 sariunt
646 3962 752 4038 ferea
771 3981 900 4064 quarta'
912 3961 954 4037 ad
975 3960 1144 4037 decimam
1165 3961 1306 4036 horam:
1322 3985 1420 4060 quo·
