3509 5084
572 644 575 649 Ι
637 486 1082 618 rnnrnrlo
1242 603 1247 614 .
1308 563 1337 624 v

1328 618 1336 653 l

371 707 447 782 tius
472 702 668 802 uberiusque
687 703 728 776 de
746 720 862 775 natura
889 701 1132 779 &rationibus
1154 722 1338 800 agrorum,

373 821 647 908 frumentorum,
672 814 874 899 vinearum,
895 815 1066 888 arborum.
1091 812 1250 887 Profedo
1276 815 1343 910 qui

374 931 442 1004 fuit
460 931 520 1003 illo
543 928 790 1027 ingenio,quo
802 925 1011 999 suaviffimus
1027 925 1217 1014 illerenex,
1232 948 1335 1020 quem

371 1039 483 1136 pingit
506 1037 693 1124 ΤυΙΙὶιιε,2
715 1035 743 1107 is
767 1058 840 1106 non
864 1033 976 1129 potuit
999 1034 1057 1106 srbi
1082 1053 1265 1129 temperare
1291 1033 1335 1105 ab

369 1147 624 1222 amoenioribus
652 1142 748 1219 etiam
775 1144 972 1239 quibusdam
1004 1145 1259 1242 digreffionibus
1294 1149 1333 1220 δι

370 1254 680 1359 descriptionibus,
706 1252 821 1349 quales
843 1277 915 1323 non
937 1270 1068 1324 tantum
1086 1253 1336 1327 Ciceronianus

372 1369 467 1438 Cato
483 1363 635 1461 profert,
647 1361 702 1432 sed
727 1364 862 1448 Varro,
879 1360 935 1434 sed
956 1360 1176 1450 Columella,
1195 1361 1249 1432 led
1263 1360 1335 1433 Pli-
1356 1396 1362 1411 ·

372 1476 474 1559 niue,
497 1476 535 1546 δι
559 1472 753 1568 quicunque
777 1469 852 1541 sunt
877 1469 944 1541 viri
969 1470 1193 1544 humaniores.
1218 1472 1334 1572 Quem

281 1624 284 1628 ⁴
372 1585 480 1660 modo
504 1580 681 1656 nominavi
700 1579 825 1652 Plinius
854 1579 916 1667 16,
936 1581 976 1669 8,
999 1579 1023 1652 s.
1043 1607 1111 1670 42,
1133 1581 1332 1678 noriffirnurn

370 1699 444 1766 libri
456 1691 598 1764 Catonis
612 1696 660 1765 uit
674 1688 731 1787 ff
746 1691 975 1786 densparagis,
989 1715 1023 1760 ut
1035 1716 1202 1784 appareat,
1225 1719 1333 1784 repen·¹

372 1808 472 1899 tinam
495 1831 534 1874 ae
556 1804 713 1874 noviciam
728 1802 794 1869 viro
813 1826 917 1868 curum
925 1797 1032 1896 fuiffe.
1047 1803 1090 1868 At
1103 1798 1137 1869 in
1152 1799 1274 1872 nostris
1289 1798 1333 1871 li·

372 1907 440 1979 bris
464 1931 535 1978 non
556 1905 776 1976 noviffimum
795 1904 841 1974 est
857 1904 897 1976 de
916 1904 1099 2003 asparagis,
1114 1906 1169 1978 sed
1184 1906 1331 2004 sequitur
1428 1968 1432 1974 .

373 2017 482 2091 adhue
504 2015 657 2108 deponis
673 2008 852 2106 saliendis}
868 2038 907 2084 ac
933 2038 974 2084 ne
995 2012 1064 2088 hoc
1078 2014 1213 2111 quidem
1236 2012 1332 2091 firille
1409 2084 1411 2089 .

373 2123 610 2208 noviffimum,
630 2120 685 2191 sed
703 2126 738 2195 de
756 2124 826 2219 offis
846 2127 1032 2195 Puteolanis
1048 2141 1250 2221 preceptum
1272 2122 1346 2197 ard·¹

376 2229 501 2302 haefiue
523 2228 561 2307 in
582 2227 722 2323 antiquis
747 2228 863 2316 lunis,
878 2254 921 2298 ex
936 2230 1114 2301 summario
1137 2233 1245 2304 veteri
1263 2235 1333 2306 live

261 2332 299 2361 '⁴
379 2336 532 2406 lemmate
547 2332 583 2404 fit
604 2333 819 2407 manifestum.
840 2333 948 2427 Quod
961 2359 1004 2406 ex
1026 2336 1145 2407 eodem
1159 2336 1271 2408 Plinio
1284 2337 1333 2409 af·
1420 2357 1423 2363 ·

374 2446 441 2517 fert
454 2447 495 2517 ad
514 2448 588 2521 Cat.
614 2472 678 2521 112
697 2449 839 2543 Popma,
854 2472 925 2520 non
941 2447 1076 2522 videtur
1091 2474 1244 2546 magnam
1259 2449 1333 2523 vim

374 2559 498 2631 habere
511 2585 520 2629 :
536 2561 572 2632 &
586 2583 624 2629 ea
639 2557 729 2653 ipsa,
744 2585 819 2653 quae
836 2559 944 2632 adhuc
958 2559 1179 2655 protulimus,
1192 2584 1263 2632 non
1277 2559 1333 2633 ni·

373 2669 439 2738 mis
458 2666 553 2738 firma'
573 2667 663 2738 forte
684 2667 804 2766 aliquis
819 2669 954 2743 dixerit..
970 2669 1034 2741 Sed
1046 2669 1132 2743 illud
1148 2671 1247 2766 quale
1260 2669 1331 2760 est,
1389 2723 1392 2729 -

374 2777 471 2868 quod
494 2775 684 2846 Columella
701 2800 739 2868 3,
761 2805 803 2864 2,
829 2800 868 2870 31
892 2803 935 2847 ex
956 2781 1089 2848 Catone
1107 2777 1239 2873 laudat,
1257 2789 1332 2853 nul·

375 2889 441 2954 lum
465 2911 561 2978 genus
587 2889 699 2955 vitium
724 2886 965 2976 conferendum,
986 2886 1050 2983 nisi
1062 2885 1159 2973 firma
1170 2913 1187 2969 ,·
1209 2893 1332 2959 nullrrrn

375 2997 637 3087 conservandum,
651 2996 713 3092 nist
720 3000 924 3089 experimento
934 2998 1113 3089 probatum.
1134 2996 1186 3064 Ac
1199 3017 1242 3063 ne
1256 2995 1335 3088 quis

375 3102 486 3192 dicat,
501 3128 543 3201 err
557 3128 618 3175 ore
633 3103 721 3177 forte
733 3105 876 3178 Catonis
890 3106 1144 3200 hocacceptum
1157 3100 1333 3186 traditum·
1427 3102 1429 3106 ’

375 3235 443 3304 que
465 3212 623 3305 posterla,
638 3212 701 3285 alia
722 3214 870 3287 formula
885 3214 926 3286 de
949 3214 1070 3285 talibus
1088 3211 1196 3286 utitur
1218 3213 1331 3288 Colu-

377 3319 475 3390 mella
489 3346 523 3395 ν.
532 3347 564 3419 g.
585 3350 616 3409 1,
632 3349 676 3414 4,
696 3350 730 3396 1:
748 3328 963 3420 Caesonianum
977 3349 1181 3420 proseptum,
1195 3355 1254 3419 quo
1260 3327 1333 3416 fer·

375 3451 432 3496 tur
452 3430 520 3517 ufirs
537 3436 628 3502 eriam
657 3437 746 3505 Cato.
773 3435 853 3505 Hoc
877 3433 1014 3528 quidem
1038 3458 1109 3503 non
1130 3432 1267 3505 mirarer
1281 3432 1334 3521 ,fi

374 3534 480 3605 hodie
502 3561 571 3608 non
586 3541 749 3637 legeretur
770 3543 858 3635 apud
871 3545 1059 3615 Catonem:
1082 3545 1242 3619 &tamen
1256 3543 1332 3615 sen·

374 3646 478 3718 tentia
502 3646 574 3742 ejus
595 3652 734 3723 habetur
753 3651 787 3723 in
813 3651 886 3745 ipso
909 3651 1088 3748 principio.
1115 3658 1218 3730 Extra
1244 3674 1332 3723 con·

374 3755 574 3828 troversram
588 3759 685 3830 eriam
702 3760 747 3831 est
760 3759 860 3849 illud,
875 3761 1048 3833 abeodem
1061 3758 1252 3836 Columella
1271 3783 1334 3849 12,

377 3888 442 3964 50,
466 3893 508 3966 19
530 3869 627 3966 plura
653 3871 775 3945 laudari
795 3897 837 3946 ex
858 3874 1016 3969 Catone,
1038 3899 1137 3972 quam
1164 3868 1267 3979 hodie
1287 3894 1336 3947 eo

413 4047 444 4092 a,
463 4025 485 4094 l.
500 4047 529 4096 c.
542 4030 612 4092 add.
634 4043 730 4098 tamen
745 4033 826 4097 Brut.
840 4030 891 4118 ⁸5·
902 4047 974 4097 extr.

1000 4108 1167 4235 aa
