3509 5084
388 571 503 627 cxxx
541 554 654 637 nor.
679 555 766 622 ιη.
783 552 857 620 nn
883 553 1028 622 Gneo.
1054 553 1322 656 uramara.

391 742 455 784 non
471 709 571 810 pnffc,
586 713 650 804 sed
661 704 802 804 quaruor.
818 707 973 782 Invenies
988 708 1059 782 haec
1079 709 1168 782 libro
1182 709 1224 782 de
1243 709 1345 782 arbo·

389 825 481 894 ribus
505 847 535 894 c.
560 848 593 894 2.

655 932 720 1002 III.
740 929 796 999 Dc
815 923 849 1000 re'
867 931 1072 999 Veterinaria.

437 1048 589 1121 Tandem
604 1049 646 1119 de
659 1046 923 1120 re-Veterinaria
941 1047 1012 1120 sive
1034 1043 1201 1120 Medicina
1220 1045 1348 1120 anima·

390 1155 473 1227 lium
494 1153 651 1251 scripsrffe
676 1155 767 1228 bunc
800 1154 953 1226 nostrum
969 1206 981 1243 ,
1000 1178 1044 1225 ex
1070 1153 1215 1250 antiquis
1243 1178 1348 1227 nemo

390 1264 546 1361 equidem
568 1283 754 1336 memorat:
767 1262 990 1360 fragmentum
1005 1279 1137 1352 tamen,
1149 1262 1242 1358 quod
1254 1287 1348 1338 nunc

389 1376 541 1462 edimus,
568 1373 746 1445 illud‘satis
766 1372 930 1470 superque
949 1371 1097 1444 testatur.
1119 1374 1162 1443 Et
1187 1371 1347 1444 credibile

389 1484 455 1573 est,
473 1484 579 1579 ipsum
598 1484 640 1554 de
660 1482 817 1555 universa
838 1507 875 1556 re
894 1481 1017 1555 rustica
1037 1483 1107 1555 stve
1127 1482 1347 1555 oeconomica

388 1589 568 1684 scripsisse,
582 1587 662 1683 quia
675 1589 755 1662 duas
772 1591 836 1664 has.
845 1610 957 1687 partes
974 1590 1065 1662 illius
1079 1615 1150 1662 non
1165 1590 1347 1685 postremas

389 1701 510 1798 attigit.
534 1701 650 1773 Petrus
672 1701 843 1774 Vidorius
866 1702 1002 1775 testatur
1026 1703 1062 1773 in
1084 1704 1284 1799 prefatione
1304 1706 1347 1779 ad

295 1808 299 1819 '
388 1810 779 1898 Catonem,Varronem
789 1812 1074 1901 &Columellam
1084 1812 1120 1883 in
1133 1812 1261 1886 codicis
1276 1839 1348 1885 ma·

318 1910 322 1917 ¹
389 1946 438 1992 nu
455 1923 681 2019 exarati,quo
696 1923 737 1996 ad
754 1923 817 1997 hos
831 1922 1011 2022 scriptores
1032 1922 1254 1996 restituendos
1267 1922 1347 1998 usus

388 2032 459 2117 est,
486 2031 891 2133 inscriptione,.Gargilii
917 2034 1082 2108 Martialis
1107 2058 1247 2131 quoque
1277 2058 1346 2107 no-

386 2167 465 2214 men
488 2140 627 2215 adfuisse
635 2193 647 2230 ,
668 2147 824 2238 quamvis
840 2143 947 2240 ipsum
970 2168 1057 2240 opus
1077 2142 1229 2217 desuerit.
1253 2143 1346 2217 ldent

387 2269 498 2320 autem
509 2245 748 2344 fragmentum,
757 2249 850 2344 quod
865 2274 957 2323 nunc
970 2252 1099 2338 damus,
1111 2247 1231 2340 habuit
1244 2248 1346 2326 etiam

386 2358 440 2431 Jo.
453 2356 628 2443 Rhodius,
643 2355 794 2448 illiusque
807 2355 927 2426 edendi
942 2355 1032 2451 spem
1046 2355 1175 2429 fecerat
1189 2355 1224 2426 in
1242 2356 1346 2428 Lexi-

378 2488 432 2559 co
448 2462 673 2535 Scriboniano
689 2487 720 2555 p.
738 2466 827 2558 3673
844 2461 1034 2558 implevisse
1048 2480 1159 2534 autem
1177 2487 1248 2534 non
1261 2488 1345 2537 con·
1384 2455 1388 2464 ’

386 2569 459 2641 siat.
483 2569 612 2640 Primus
639 2567 739 2662 igitur
756 2568 839 2640 illud
865 2569 959 2668 typis
980 2569 1124 2664 publicis
1139 2585 1229 2643 nunc
1253 2573 1347 2658 edo,

386 2678 501 2772 idque
517 2701 568 2751 ex,
588 2675 707 2750 codice
738 2675 953 2750 bibliothecae
988 2678 1347 2774 Lugduno·Batavae·,

386 2813 431 2860 ex
453 2810 525 2883 quo
551 2787 587 2860 in
614 2810 710 2858 meos
736 2784 812 2858 usus
843 2785 928 2863 olim
957 2775 1098 2863 describi
1124 2787 1258 2860 curavit
1290 2787 1347 2858 vir
1391 2823 1393 2826 >

269 2936 272 2943 ·
385 2896 622 2971 celeberrimus
644 2895 789 2970 Jacobus
812 2894 1020 2971 Perizonius.
1046 2895 1212 2992 Scriptum
1232 2916 1346 2971 autem

386 3005 436 3078 est
456 3006 648 3101 exemplum
675 3005 897 3105 Lugdunense
920 3032 1023 3081 manu
1046 3005 1236 3089 recentiore
1255 3033 1346 3080 anno

385 3132 644 3187 cramxxxvn
667 3106 769 3185 nono*
790 3115 974 3204 Octobris,
995 3139 1038 3188 ex
1066 3114 1249 3210 exemplari
1271 3132 1359 3189 mo·‘

386 3219 520 3292 nasserii
534 3217 997 3323 Cotbej'enfisdepromtum,
1012 3225 1108 3320 quod
1118 3245 1198 3300 tunc
1214 3245 1346 3322 tempo·
1369 3298 1381 3309 „

386 3330 432 3424 ris
451 3331 609 3407 Coloniae
633 3334 728 3428 apud,
744 3335 778 3407 S.
806 3335 1017 3406 pantaleonis
1038 3335 1229 3431 depositum
1249 3358 1346 3428 erat,

384 3458 493 3538 prout
511 3438 571 3512 sub
594 3437 695 3513 finem
714 3440 916 3549 adscriptum
930 3441 1063 3540 legitur.
1082 3442 1269 3518 Libratium
1288 3445 1346 3525 ha·

278 3608 281 3615 .
352 3561 356 3569 ‘
385 3550 460 3631 buit
477 3574 550 3621 non
569 3552 756 3648 optimum:
775 3575 878 3648 quare
891 3551 1017 3625 Medici
1031 3552 1070 3625 δι
1086 3552 1206 3628 Critici
1222 3554 1346 3627 eruditi

324 3735 327 3744 ,
385 3685 523 3735 manum
535 3659 719 3756 exspectat,
736 3661 795 3757 qui
809 3661 953 3757 Vegetio
967 3662 1006 3735 δι
1024 3661 1242 3762 Hippiatricis
1260 3687 1344 3760 grae·

386 3769 612 3890 cisadhibitis
631 3770 708 3846 loca
725 3769 905 3866 depravata
927 3770 1086 3846 restituat.
