3509 5084
552 528 629 601 ΒΕ
652 526 722 619 tte
745 457 1011 603 Rustici
1035 530 1134 606 ctu.
1160 487 1200 608 u,
1291 561 1357 636 173

354 773 359 791 Ι
388 685 444 764 xit
455 688 599 783 capellas
618 689 660 761 ad
674 689 791 762 urbem
807 711 855 777 u,
870 686 931 762 srbi
949 689 985 763 in
999 689 1070 766 dies
1093 691 1241 791 singulos
1255 693 1361 768 dena*

389 798 463 870 rios
485 796 632 894 srngulos
646 799 742 889 dare,
756 797 914 893 audisset,
929 798 1042 896 coegit
1057 800 1151 874 mille
1165 811 1362 898 caprarum,
1398 790 1401 797 ⁵

390 905 526 1003 sperans
545 904 576 979 se
599 926 774 1013 capturum
792 907 834 979 de
850 907 982 1003 ptaedio
1001 907 1037 979 in
1051 907 1121 980 dies
1135 907 1285 1007 smgulos
1304 911 1362 983 de·

388 1016 524 1088 narium
548 1016 652 1089 mille.
681 1013 832 1087 Tantum
863 1015 955 1088 enim
987 1010 1172 1107 fefellerit,
1198 1035 1237 1091 ut
1262 1010 1362 1092 btevi
1422 1056 1428 1065 ·

388 1150 510 1200 omnes
529 1125 675 1198 amiserit
691 1128 827 1200 morbo.
851 1130 982 1200 Contra
1002 1126 1044 1215 in
1055 1126 1246 1201 Sallentinis
1267 1131 1304 1203 dt
1326 1129 1364 1202 in

389 1235 540 1308 Casrnati
560 1236 602 1306 ad
623 1253 782 1309 centenas
798 1225 957 1333 pascunt.
976 1237 1034 1308 De
1048 1235 1196 1307 maribus
1212 1238 1249 1310 δι
1261 1236 1363 1309 femi·
1413 1270 1418 1276 ·

390 1345 552 1420 nitidem
571 1344 642 1419 fere
661 1346 863 1437 discrimen,
879 1364 915 1420 ut
926 1345 982 1420 alii
997 1346 1040 1419 ad
1052 1347 1154 1419 denas
1168 1371 1284 1442 capras
1297 1346 1364 1419 sm·

389 1455 492 1553 gulos
512 1474 630 1551 parent
648 1455 787 1547 hircos,
808 1477 846 1530 ut
865 1481 954 1557 ego:
976 1454 1034 1529 alii
1057 1455 1157 1529 etiam
1180 1458 1222 1528 ad
1240 1477 1314 1544 xv,
1327 1475 1365 1529 ut

391 1564 534 1637 Menas:
556 1563 724 1639 nonnulli
737 1567 857 1656 etiam,
875 1584 913 1638 ut
928 1565 1102 1656 Murrius,
1120 1565 1163 1637 ad
1181 1564 1317 1665 viginti.

441 1681 501 1750 lV.
522 1681 587 1751 Sed
608 1678 685 1778 quis
704 1705 723 1752 e
744 1700 848 1778 portu
870 1678 947 1775 post
965 1677 1083 1752 Italico
1106 1676 1239 1774 prodit,
1254 1697 1301 1752 'ac
1323 1677 1366 1750 de

391 1784 496 1859 suillo
512 1813 638 1882 pecore
658 1788 819 1885 expedit?
834 1787 964 1860 tametst
984 1785 1138 1869 Scrofam
1157 1785 1367 1882 potissimum

393 1895 437 1965 de
452 1920 490 1966 ea
504 1921 541 1967 re
556 1896 669 1967 dicere
687 1916 874 1993 oportere,
890 1921 1086 1994 cognomen
1101 1895 1172 1988 ejus
1190 1893 1365 1994 fignificat.
1399 1887 1403 1896 ’

393 2003 462 2075 Cui
489 2004 761 2095 TREMELLIUS,
787 2009 965 2102 lgnota're,
986 2005 1120 2101 inquit,
1144 2003 1285 2090 videre,
1307 2029 1368 2076 cur

355 2178 356 2181 ,
394 2113 546 2210 appeller
558 2113 685 2189 Scrofa.
698 2117 815 2214 Itaque
828 2119 866 2186 ut
881 2115 981 2188 etiam
998 2115 1034 2187 hi
1048 2132 1233 2211 propterte
1249 2113 1368 2199 sciant,

394 2223 568 2324 cognosce
581 2213 690 2297 meam
710 2243 844 2323 gentem
858 2225 992 2316 suillum
1009 2246 1205 2323 cognomen
1222 2248 1293 2296 non
1308 2224 1369 2296 ha·

396 2332 498 2424 bere,
519 2358 583 2407 nec
608 2338 662 2419 ine
684 2330 748 2414 effe
769 2336 815 2442 pb
835 2337 977 2407 Eumaeo
1001 2326 1128 2407 ortum.¹
1152 2338 1250 2405 Avus
1275 2353 1370 2404 meus

396 2440 547 2537 primum
574 2441 759 2537 appellatus
788 2434 835 2515 esl
863 2441 1006 2532 Scrofa,
1029 2443 1088 2540 qui
1116 2440 1265 2540 quaestor
1289 2465 1368 2513 cum

396 2549 478 2621 esset
495 2550 628 2623 licinio
647 2553 775 2637 Netvae
788 2553 929 2651 ptaetori
947 2552 982 2625 in
998 2552 1201 2625 Macedonia
1222 2549 1369 2647 provin·

397 2661 453 2739 citt
477 2661 630 2753 relidus,
652 2662 713 2763 qui
738 2663 889 2759 praeesset
917 2662 1106 2750 exercitui,
1131 2664 1211 2735 dum
1242 2680 1369 2758 praetot
1424 2714 1431 2721 -

346 2824 348 2841 .
398 2771 538 2863 rediret,
549 2771 673 2858 hostes,
688 2766 837 2846 arbitrati
848 2772 1065 2846 occasionem
1080 2771 1243 2843 sehabere
1258 2771 1371 2846 vido·
1441 2808 1445 2812 ·
1487 2768 1522 2821 -i

400 2881 480 2969 rite,
493 2881 742 2975 impressionem
759 2872 870 2955 secere
886 2898 1070 2974 coeperunt
1082 2878 1118 2947 in
1133 2877 1245 2980 casltu.
1259 2884 1371 2964 Avus,
1413 2930 1417 2943 ,

399 3017 481 3065 cum
497 2990 735 3060 cohortaretur
752 2988 896 3074 milites,
912 3005 950 3056 ut
970 3002 1130 3080 caperent
1147 3009 1255 3076 arma,
1270 3010 1375 3083 atquo

402 3096 537 3168 exirent
558 3112 698 3183 contra,
720 3093 828 3183 dixit,
845 3092 999 3168 celeriter
1014 3091 1046 3164 se
1064 3088 1232 3192 illos„(,ut
1252 3093 1371 3183 Scrofa

400 3200 551 3302 porcos)
569 3200 797 3296 disjeslurum.
808 3202 854 3273 ‘id
868 3201 964 3300 quod
977 3198 1068 3273 fecit.
1088 3225 1164 3271 nam
1179 3226 1222 3275 eo
1241 3203 1373 3297 proelio

401 3313 517 3386 hostes
544 3315 589 3386 ita
611 3312 701 3386 fudit
721 3336 760 3385 ac
786 3306 945 3409 fugavit,
964 3329 1004 3381 ut
1029 3334 1073 3382 eo
1101 3315 1216 3385 Nerva
1242 3334 1371 3408 praetor

402 3424 593 3517 lmperator
614 3421 654 3491 stt
675 3420 883 3517 appellatus,
904 3426 991 3492 atus
1011 3443 1205 3514 cognomen
1225 3420 1371 3493 invene-

404 3534 470 3621 rit,
485 3551 522 3603 ut
538 3531 704 3616 diceretur
717 3529 848 3605 Scrofa.
867 3535 985 3625 ltaque
1000 3554 1149 3625 proavus
1166 3555 1204 3602 ac
1219 3531 1373 3626 superio·

404 3668 460 3718 res
477 3643 519 3713 de
533 3634 727 3713 Tremelliis
748 3662 851 3732 nemo
871 3637 1057 3734 appellatus
1071 3636 1209 3725 Scroftm
1227 3664 1289 3711 nec
1303 3638 1372 3709 mi-

403 3778 471 3826 nus
492 3751 650 3846 septimus
668 3743 739 3821 sum
760 3745 929 3843 deinceps*
941 3746 1121 3843 praetorius
1140 3747 1288 3845 ingente
1306 3772 1372 3818 no·

406 3866 481 3936 stra.
499 3868 574 3939 Nec
594 3884 707 3939 tamen
726 3861 885 3958 defugio,
900 3863 984 3960 quin
1004 3860 1132 3950 dicam,
1149 3884 1224 3955 quae
1238 3858 1310 3930 scio
1330 3851 1374 3932 de

407 3975 507 4050 suillo
527 4002 663 4076 pecore.
685 3976 769 4075 Agri
789 3973 881 4073 enim
901 3975 1047 4051 culturae.
1060 3974 1103 4048 ab
1123 3969 1289 4072 initiopfui
1303 3969 1372 4044 slu-
