3509 5084
385 573 459 642 ιη
530 497 1209 642 ΜζτεκεΝτιιγΑκκοΝις
1286 522 1297 533 ’

386 709 495 782 tando
519 705 618 803 eligat
645 720 786 801 oportet
813 700 1016 787 foecundas,
1040 699 1240 795 plerumque
1258 696 1371 770 rubi-i

386 816 497 891 cunda
510 814 643 913 pluma,
658 810 763 909 nigris
782 807 917 904 pinnis,
935 806 1118 903 imparibus
1137 807 1272 903 digitis,
1288 833 1369 878 ma·

294 978 297 983 -
387 927 462 1027 gnis
481 920 673 1022 capitibus,
699 919 796 995 crista
820 920 951 1008 ereda,
966 920 1090 1015 ampla.
1118 919 1171 991 hae
1196 919 1295 991 enirn
1322 918 1368 990 ad

384 1035 564 1136 pastiones
579 1033 654 1107 sunt
667 1032 826 1129 aptiores.
839 1031 959 1131 Gallos
974 1032 1113 1116 salaces;
1128 1031 1186 1129 qui
1204 1031 1370 1102 animad-

388 1144 581 1235 vertunt,li
598 1143 673 1215 sunt
691 1141 865 1228 lacertosi,
880 1141 1012 1213 rubenti
1027 1141 1142 1230 crisla,
1153 1139 1270 1212 rostro
1286 1141 1369 1212 bre·

388 1257 455 1346 vi,
475 1256 602 1353 pleno,
622 1272 749 1346 acuto,
764 1253 876 1327 oculis
896 1252 1009 1340 ravis,
1028 1271 1085 1324 aut
1112 1252 1239 1349 nigris,
1265 1252 1369 1348 palea

389 1367 492 1439 rubra
512 1364 757 1452 subalbicanti,
779 1359 875 1435 collo
902 1362 1024 1448 vario,
1045 1378 1102 1432 aut
1123 1363 1294 1448 aureolo,
1313 1361 1369 1432 fe-

389 1477 540 1553 miuibus
557 1476 693 1574 pilosis,
709 1474 863 1575 cruribus
883 1471 1065 1571 brevibus,
1085 1473 1256 1566 unguibus
1282 1473 1368 1543 lon·

390 1588 467 1686 gis,
487 1586 602 1660 caudis
621 1586 773 1683 magnis,
790 1583 1026 1681 frequentibus
1046 1585 1168 1679 pinnis.
1193 1587 1280 1655 Item
1303 1583 1368 1680 qui

392 1699 471 1773 elati
494 1697 589 1786 sunt,
611 1723 651 1770 ac
671 1696 867 1769 vociferant
892 1695 1002 1792 saepe,
1023 1695 1058 1767 in
1079 1696 1266 1769 certamine
1285 1722 1369 1793 per-

392 1807 520 1879 tinaces
530 1858 544 1894 ,
559 1808 597 1878 δι
617 1805 677 1900 qui
694 1804 871 1889 animalia,
887 1831 963 1901 qua
979 1825 1107 1878 nocent
1124 1804 1277 1902 gallinis,
1291 1831 1367 1877 non

392 1919 502 1993 modo
515 1942 588 1990 non
602 1915 856 2016 pertimescant,
872 1915 928 1987 sed
943 1916 1042 1987 etiam
1058 1941 1122 2013 pro
1136 1917 1272 2012 gallinis
1284 1942 1369 2012 pto·

393 2047 556 2125 pugnent.
571 2027 646 2098 Nec
665 2045 777 2099 tamen
791 2025 995 2122 sequendum
1011 2026 1046 2096 in
1059 2027 1201 2098 semitrio
1216 2025 1367 2122 legendo

395 2140 630 2240 Tanagricos,
645 2165 684 2213 ac
707 2141 883 2227 Medicus,
903 2142 942 2212 dt
957 2140 1198 2243 Chalcidicos,
1220 2139 1367 2238 quisine

391 2250 503 2323 dubio
521 2250 596 2322 sunt
610 2249 766 2347 pulchri,
779 2252 816 2323 δι
832 2250 874 2322 ad
889 2249 1117 2346 proeliandum
1138 2252 1227 2324 inter
1244 2251 1277 2322 se
1292 2275 1368 2324 mae

395 2361 489 2435 xime
508 2361 644 2450 idonei,
658 2360 713 2432 sed
736 2360 778 2432 ad
800 2379 916 2457 partus
931 2360 1004 2433 sunt
1024 2361 1215 2435 steriliores.
1239 2361 1278 2433 Si·
1302 2362 1368 2432 du·

395 2489 511 2545 centas
536 2470 624 2541 alere
650 2466 758 2555 velis,
780 2468 877 2541 locus
904 2465 1027 2564 saeptus
1053 2469 1317 2556 attribuendus,
1332 2467 1368 2539 in

395 2599 468 2671 quo
489 2575 563 2646 duae
585 2599 701 2647 caveae
721 2574 914 2667 conjunslae
937 2602 1068 2674 magnae
1089 2579 1368 2668 constituendae,

395 2709 475 2781 quae
495 2683 641 2777 speslent
664 2685 706 2756 ad
731 2683 946 2756 exorientem
963 2687 1116 2777 uersus,
1142 2709 1301 2786 utraeque
1329 2689 1367 2760 in

395 2789 644 2888 longitudinem
668 2788 803 2865 circiter
820 2795 935 2867 decem
955 2796 1082 2890 pedes,
1111 2797 1289 2869 latitudine
1314 2797 1367 2870 di·

365 2896 369 2905 ’
395 2878 505 2975 auidis
527 2901 701 3016 minores,
724 2909 841 3000 [quam
861 2903 920 3003 in]
934 2905 1110 2978 altitudine
1128 2906 1233 3004 paulo
1250 2905 1368 2979 humi·

396 3010 513 3089 liores.
534 3037 678 3109 utraque
702 3013 846 3087 fenestra
867 3016 933 3087 lata
953 3016 1132 3111 tripedali,
1154 3020 1252 3090 &eo
1281 3017 1368 3113 pede

397 3120 535 3194 altiores
553 3147 572 3195 e
592 3121 777 3194 viminibus
790 3121 884 3194 faslae
899 3123 1005 3210 raris,
1022 3123 1121 3195 itaut
1142 3123 1258 3196 lumen
1277 3151 1369 3220 praev

398 3231 501 3306 beant
524 3230 693 3316 multum,
715 3255 825 3326 neque
846 3257 980 3325 pereas
1001 3234 1182 3330 quidquam
1201 3236 1250 3308 ire
1274 3237 1369 3308 intro

396 3337 522 3439 pollit,
538 3365 614 3437 quae
629 3338 874 3413 nocere'solent
886 3342 1027 3440 gallinis.
1041 3347 1131 3418 luter
1146 3345 1227 3416 duas
1242 3338 1370 3419 ollium

398 3448 462 3537 fit,
483 3473 549 3544 qua
566 3447 786 3545 gallinatius,
812 3471 949 3522 curator
970 3477 1108 3541 earum,
1123 3453 1172 3527 ire
1192 3455 1308 3549 possit.
1333 3459 1370 3528 ln

399 3557 516 3631 caveis
529 3559 655 3629 crebrae
675 3559 811 3654 perticae
825 3552 969 3652 trajeslae
982 3559 1066 3649 srnt,
1083 3579 1118 3631 ut
1137 3585 1257 3633 omnes
1274 3563 1373 3634 susli·

320 3692 323 3697 ·
399 3692 482 3753 nere
509 3667 634 3763 poffint
660 3669 807 3764 gallinas.
835 3671 969 3741 Contra
997 3670 1139 3767 fingulas
1161 3672 1308 3767 perticas
1333 3674 1372 3746 in

399 3777 529 3873 pariete
552 3776 725 3874 exsculpta
752 3777 816 3850 smt
843 3778 968 3855 cubilia
992 3804 1117 3854 earum.
1141 3803 1218 3853 ante
1244 3783 1310 3869 stt,
1333 3801 1373 3856 ut

400 3886 492 3977 dixi,
507 3887 710 3960 vestibulum
734 3887 872 3984 saeptum
884 3943 897 3977 ,
913 3889 948 3959 in
971 3915 1041 3988 quo
1062 3889 1186 3962 diurno
1209 3910 1373 3989 tempore

387 3994 465 4069 csse
477 3996 628 4094 poffint,
642 4016 744 4099 atque
757 3995 793 4072 in
806 3997 950 4097 pulvere
972 3998 1133 4078 volutari.
1150 4001 1319 4078 Praeterea
1335 4002 1376 4078 fir
