3509 5084
588 482 1103 605 Pxnxxrros
1252 553 1296 609 x1

323 691 537 777 Comicum,
554 718 623 785 quae
647 691 729 762 mili
745 714 895 785 putaram
916 696 1024 785 prima
1045 691 1081 762 in
1107 698 1297 787 experiundo

325 811 475 901 repudio.
492 805 556 878 Hic
577 803 682 902 igitur
700 803 820 876 sallum
840 804 907 893 est,
922 807 1002 877 dum
1015 803 1168 901 dispersa
1178 804 1241 899 jam
1258 807 1297 880 &

327 917 368 988 in
393 916 463 987 suas
481 915 540 986 libi
565 914 725 987 stationes
739 911 857 984 divisae
875 912 1114 986 annotationes
1133 913 1169 985 in
1189 915 1296 986 Cato·

328 1025 386 1095 nis
400 1023 514 1120 priora
535 1039 764 1111 revocantur,
779 1020 817 1094 &
832 1019 893 1092 sub
909 1038 1022 1094 vetera
1035 1022 1126 1120 ligna
1140 1022 1295 1120 redigun-

328 1156 408 1228 tur,
431 1158 549 1229 pancae
569 1132 721 1228 quaedam
739 1131 774 1201 in
795 1129 910 1204 indice
931 1129 975 1202 ut'
989 1134 1184 1223 manerent,
1204 1158 1296 1231 quae·

329 1245 408 1315 dam
433 1260 647 1315 moratorum
666 1241 767 1314 inllar
786 1243 905 1338 palatae
926 1240 1000 1314 sero
1018 1243 1152 1316 tandem
1176 1243 1212 1315 in
1236 1243 1296 1316 ad·

328 1353 455 1425 dendis
476 1354 678 1427 callocandae
697 1352 811 1426 essent.
834 1354 942 1447 Spero
957 1371 1069 1424 tamen
1084 1353 1210 1426 nullam
1233 1353 1296 1424 elle

327 1463 391 1535 vel
411 1465 571 1559 Popmae,
590 1463 649 1536 vel
664 1461 801 1534 Meurfii
814 1461 1142 1534 animadverfionent
1153 1461 1200 1534 ita
1214 1487 1297 1556 prae-

328 1570 529 1661 termillam,
544 1590 581 1643 ut
593 1595 666 1644 non
679 1570 770 1642 illius
782 1568 869 1641 tatio
885 1569 942 1642 vel
957 1569 991 1640 in
1005 1569 1166 1643 varietate
1180 1569 1296 1641 ledio·

331 1682 408 1771 nis,
425 1682 481 1755 vel
505 1682 672 1755 alterutro
697 1682 877 1764 locorum,
897 1705 984 1778 quos
1006 1680 1096 1770 dixi,
1113 1679 1225 1753 habita
1245 1679 1296 1755 stt.

332 1793 517 1882 Ceterum,
531 1791 739 1864 redeundum
755 1788 844 1861 enim
862 1790 898 1862 in
913 1789 1005 1863 viam
1019 1790 1086 1879 ert,
1106 1790 1227 1861 iterum
1242 1814 1296 1861 re·

332 1900 461 1972 censuit
480 1902 669 1985 Catonem,
683 1902 721 1973 δι
738 1917 837 1971 notas
851 1917 923 1970 tum
941 1899 1028 1988 suas,
1042 1919 1114 1970 tum
1132 1897 1294 1983 Meurfii,

331 2009 497 2108 suumque
516 2011 558 2082 de
578 2009 801 2081 instrumento
814 2005 913 2078 fundi
928 2008 1052 2080 librum
1066 2005 1213 2093 addidit,
1227 2009 1295 2075 Au·
1324 2054 1332 2073 .

330 2120 448 2193 sonius
462 2121 592 2215 Popma
604 2118 798 2191 Franckerae
816 2119 927 2208 1620,
938 2122 970 2193 8.
985 2118 1080 2213 cuius
1097 2119 1198 2215 ‘nisius
1208 2141 1295 2215 quo·

334 2255 405 2324 que
426 2229 587 2300 editionis
597 2229 779 2318 rationem,
794 2229 928 2324 quoties
950 2255 968 2300 a
989 2229 1161 2324 superiore
1174 2226 1296 2298 diffen-

335 2340 399 2423 tit,
414 2338 598 2412 habuimus.
612 2343 748 2436 Popmae
770 2340 1005 2435 praefationem
1032 2355 1148 2410 neutra
1172 2340 1295 2424 habet,

332 2449 507 2546 posterior
527 2475 590 2523 nec
611 2451 757 2526 Meurfii.
773 2453 922 2547 Quoties
941 2476 1018 2527 cum
1039 2456 1196 2523 Varrone
1209 2451 1298 2521 Cato

332 2563 375 2631 fif
386 2560 518 2650 editus,
531 2560 666 2658 quoties
677 2561 756 2633 item
772 2587 848 2635 cum
864 2561 1001 2660 reliquis
1011 2561 1161 2651 rullicis,
1174 2559 1295 2632 deinde

333 2671 549 2769 indicabitur.
571 2673 695 2744 Codex
715 2672 856 2746 Catonis
871 2675 942 2746 MS.
957 2675 1230 2746 membranaceus
1244 2695 1296 2742 re·

246 2782 251 2807 '
335 2778 492 2850 censetur
512 2779 547 2850 in
570 2780 824 2855 Montfauconii
847 2780 972 2854 Diario
986 2782 1058 2855 ltal.
1072 2808 1105 2877 p.
1126 2805 1194 2879 304
1211 2779 1295 2852 alins

333 2888 416 2960 ibid.
429 2914 463 2984 p.
476 2916 492 2985 3
503 2915 555 2985 13.
567 2889 654 2961 alius
665 2890 811 2987 denique
824 2915 856 2985 p.
868 2915 947 2988 393.
959 2891 1105 2986 Neapoli
1119 2892 1154 2960 in
1172 2889 1297 2974 biblio<

334 2998 432 3070 theca
450 2999 482 3070 S.
503 3000 554 3070 Jo.
572 2997 774 3072 Carbonarii
790 2999 854 3073 elle
872 3002 1040 3073 Catonem
1061 3000 1155 3070 dere
1177 2995 1295 3068 rustica

334 3106 463 3180 Thom.
483 3108 697 3180 Bartholinus
718 3128 829 3183 narrat
842 3110 884 3183 de
896 3109 1096 3209 peregrinat.
1115 3106 1247 3180 Medica
1262 3132 1294 3203 p.

338 3219 396 3287 26.
422 3218 633 3291 Recentioris
646 3240 737 3292 notae
751 3247 780 3294 a.
798 3247 886 3317 1472
901 3221 1057 3319 scriptus,
1074 3223 1112 3295 δι
1123 3217 1295 3292 monstro·

335 3325 372 3396 se
387 3322 524 3409 vitiosus
541 3326 587 3398 est
605 3331 876 3403 membranaceus
892 3330 972 3403 item
986 3329 1113 3417 codex,
1127 3325 1185 3424 qui
1197 3325 1295 3398 affer·

332 3450 441 3528 vatur
452 3432 488 3501 in
496 3434 760 3533 Rbedingeriana
774 3438 978 3510 bibliotheca
993 3435 1225 3524 Vratislaviae,
1237 3461 1301 3506 cu·-

332 3538 385 3632 jns
405 3539 585 3634 specimina
605 3548 704 3639 plura
728 3547 769 3616 ad
781 3570 839 3615 me
857 3547 943 3616 misit
954 3544 1203 3619 humaniffimus
1216 3571 1293 3618 cum
1405 3536 1414 3551 ⁶

332 3649 472 3721 viveret
489 3651 587 3724 senex
602 3653 770 3727 Kranzius
780 3680 790 3727 ε
802 3653 1014 3750 conjeceram
1026 3674 1135 3729 autem
1149 3657 1184 3730 in
1197 3656 1293 3729 char·

332 3778 402 3829 tam
421 3758 497 3833 loca
514 3760 668 3856 inprimis
684 3763 895 3855 difficiliora,
908 3768 946 3840 δι
959 3790 1034 3863 quae
1048 3789 1150 3862 opem
1164 3760 1294 3837 abonis

331 3865 426 3940 libris
450 3869 643 3966 exspettare
668 3872 750 3945 mihi
768 3873 979 3947 videbantur.
1003 3877 1090 3948 Cum
1111 3899 1149 3944 ea
1174 3896 1293 3966 parum

329 3995 387 4053 aut
406 3977 494 4055 nihil
511 3978 624 4076 juvari
645 3980 814 4076 viderem,
831 3983 929 4059 nolui
948 3984 1040 4058 abuti
1062 3982 1183 4079 optimi
1207 3983 1292 4059 senis
