3509 5084
336 470 339 477 ⁸
385 532 458 616 ηι-
540 520 588 593 u.
615 515 876 591 renrurn
903 514 1193 589 vannouts

390 671 545 745 omnium
561 655 731 756 custodia,
745 671 1014 757 incrementum,
1029 671 1068 741 δι
1086 668 1195 764 pastio
1217 681 1358 761 aperta,

390 804 612 878 praeterquam
631 784 672 852 de
687 783 814 876 apibus.
832 782 920 872 Quis
937 781 1026 851 enim
1048 763 1198 874 ignorat,
1215 777 1324 881 saepta
1341 801 1358 846 e

390 890 544 963 maceriis
564 890 608 959 ita
626 890 692 960 esse
715 912 876 982 oportere
894 889 927 959 in
949 890 1135 983 leporario,
1153 907 1189 956 ut
1212 886 1360 957 teslorio

389 1003 475 1070 taeta
497 1000 580 1087 sint,
595 1002 631 1070 &
648 998 818 1088 sintraltal
833 1000 972 1070 alterum
988 1023 1028 1068 ne
1043 997 1149 1084 saelis,
1163 1012 1223 1066 aut
1238 995 1361 1084 maetis,

390 1110 502 1182 aliave
524 1135 598 1204 quae
619 1110 719 1180 bestia
739 1110 881 1182 introire
901 1110 1178 1204 poffit,alterum
1203 1132 1246 1177 ne
1265 1107 1361 1200 lupus

393 1219 581 1290 transilite:
602 1220 714 1313 ibique
728 1221 790 1290 esse
805 1221 965 1302 latebras,
986 1218 1041 1289 ubi
1060 1218 1196 1311 lepores
1216 1218 1363 1288 interdiu

394 1327 589 1399 delitescant
618 1329 651 1398 in
678 1312 852 1423 virgultis,
871 1349 970 1424 atque
995 1326 1132 1398 herbis:
1161 1327 1200 1397 δι
1225 1326 1362 1396 arbores

394 1435 518 1533 patulis
540 1437 658 1521 ramis,
672 1463 746 1532 quae
768 1437 886 1532 aquilae
902 1436 1083 1531 impediant
1101 1439 1260 1506 conatus,
1279 1433 1365 1525 Quis

397 1544 478 1617 item
503 1545 628 1628 nescit,
645 1572 772 1640 paucos
796 1547 818 1616 si
839 1547 971 1639 lepores
988 1570 1119 1634 ,mares
1137 1563 1174 1614 ut
1196 1543 1365 1633 feminas,

396 1653 634 1741 intromiserit,
648 1656 743 1724 brevi
757 1677 910 1748 tempore
926 1655 999 1726 sore
1013 1676 1049 1725 ut
1064 1654 1268 1748 impleatur?
1280 1672 1367 1726 tanta

396 1763 602 1839 foecunditas
617 1761 716 1856 hujus
730 1765 964 1861 quadrupedis.
977 1766 1139 1856 Quatuor
1152 1765 1265 1835 modo
1280 1760 1366 1834 enim

399 1871 582 1944 intromisit
610 1874 647 1945 in
672 1874 904 1968 leporarium,
928 1875 1023 1947 brevi
1049 1873 1133 1945 solet
1157 1874 1297 1968 repleri.
1316 1872 1367 1971 fit

400 1983 491 2056 enim
508 1984 606 2077 saepe,
621 2008 701 2057 ,cum
716 1982 840 2054 habent
856 1986 987 2065 catulos
1001 2003 1167 2070 recentes,
1179 1984 1272 2057 alios
1288 2003 1325 2056 ut
1335 1983 1367 2054 in

281 2166 285 2173 ,
399 2116 522 2166 ventre
538 2094 660 2165 habere
682 2094 903 2189 reperiantur.
925 2097 1037 2190 [taque
1053 2096 1093 2166 de
1115 2094 1167 2164 his
1185 2096 1368 2168 Archelaus

400 2204 535 2293 scribit,
550 2231 721 2278 annorum
737 2225 824 2302 quot
837 2206 900 2278 srnt
915 2206 938 2276 sr
953 2206 1028 2303 quis
1047 2204 1132 2277 velit
1148 2205 1236 2278 scire
1249 2260 1261 2294 ,
1275 2205 1370 2301 inspi·

401 2342 478 2390 cere
494 2333 632 2412 oportet
647 2315 814 2389 foramina
829 2335 975 2402 naturae,
988 2342 1063 2414 quae
1081 2316 1149 2387 stne
1167 2316 1279 2388 dubio
1294 2318 1370 2388 alius

402 2422 472 2497 alio
493 2425 592 2497 habet
613 2427 717 2520 plura.
736 2429 810 2498 Hos
837 2439 1103 2524 quoque'nuper
1126 2422 1319 2497 institutum
1337 2441 1370 2494 ut

401 2533 592 2629 saginarent
609 2535 785 2632 pleraque,
801 2562 876 2609 cum
890 2557 1052 2630 exceptos
1066 2561 1083 2606 e
1098 2534 1282 2628 leporario
1297 2559 1370 2608 con·

403 2643 540 2714 cludant
561 2643 596 2711 in
622 2645 759 2727 caveis,
773 2647 809 2716 δι
833 2644 916 2717 loco
936 2644 1049 2715 clauso
1071 2641 1197 2715 faciant
1224 2644 1370 2742 pingues.

404 2753 533 2825 Eorum
552 2777 633 2848 ergo
660 2754 722 2825 tria
742 2779 862 2850 genera
885 2754 954 2825 sere
976 2754 1061 2827 sunt.
1084 2761 1199 2826 Unum
1224 2757 1370 2826 ltalicu'm

404 2863 477 2957 hoc
500 2864 649 2936 nostrum
675 2865 816 2959 pedibus
838 2864 954 2960 primis
979 2863 1187 2954 humilibus,
1203 2865 1370 2960 posterio-

404 2973 499 3049 ribus
520 2976 615 3062 alris,
631 2973 804 3070 superiore
821 2995 914 3071 parte
932 2976 1043 3070 pulla,
1061 2995 1181 3048 ventre
1196 2978 1305 3065 albo,
1318 3002 1372 3047 au·

378 3102 383 3109 '
404 3085 500 3160 ribus
516 3086 639 3182 longis.
662 3088 722 3181 qui
740 3087 833 3182 lepus
857 3087 999 3168 dicitur,
1022 3112 1098 3159 cum
1117 3080 1302 3183 pr‘aegnans
1321 3087 1373 3175 sit,

393 3208 517 3268 'tamen
533 3193 725 3287 concipere.
746 3201 780 3273 ln
799 3198 910 3268 Gallia
923 3195 1142 3290 transalpina,
1157 3198 1199 3269 &·
1212 3198 1373 3270 Macedo·

405 3303 461 3375 nia
478 3300 562 3374 fiunt
578 3292 774 3402 permaghiz
791 3305 825 3375 in
842 3305 1020 3400 Hispania,
1035 3310 1069 3378 δι
1087 3306 1122 3375 in
1137 3306 1234 3378 ltalia
1249 3306 1374 3379 medio·

378 3454 380 3458 ·
406 3437 491 3486 cres.
506 3413 652 3487 Alterius
663 3414 796 3513 generis
806 3414 875 3503 est,
891 3418 986 3510 quod
998 3416 1035 3486 in
1051 3417 1162 3488 Gallia
1177 3417 1328 3489 nascitur
1340 3413 1376 3487 ad

405 3523 527 3615 Alpes,
542 3527 599 3621 qui
617 3525 686 3598 hoc
699 3524 770 3598 fere
781 3545 932 3613 mutant,
947 3520 1043 3623 q'uod
1063 3523 1127 3598 toti
1140 3528 1281 3599 candidi
1294 3527 1373 3631 sunt.

406 3633 444 3709 hi
459 3630 535 3707 'raro
550 3635 765 3744 perferuntur
775 3637 933 3711 Romam.
944 3635 1199 3733 Tertii'generis
1211 3639 1276 3728 est,
1288 3635 1377 3735 quod

405 3742 443 3823 in
468 3744 625 3839 Hispania
648 3744 818 3832 nascitur,
832 3746 947 3819 similis
969 3746 1085 3816 noslro
1104 3746 1218 3840 lepori
1239 3773 1281 3820 ex
1303 3773 1377 3843 qua.

406 3854 482 3933 dam
498 3877 610 3949 parte,
625 3853 680 3927 sed
699 3853 845 3942 humile,
860 3879 960 3950 quem
983 3853 1179 3942 cuniculum
1194 3856 1379 3954 appellant.

407 3968 446 4043 L.
459 3967 567 4046 AEu'us
580 3966 743 4067 putabat,
755 3965 799 4038 ab
816 3989 859 4042 eo
875 3965 1001 4041 dislum
1014 3966 1189 4063 leporem,
1203 3964 1245 4066 [a
1264 3966 1380 4044 celeris
