3509 5084
563 548 638 623 na
662 547 731 620 un
756 545 1018 622 nusaucn
1043 545 1137 620 utu.
1163 549 1206 621 u
1294 574 1360 652 ¹75

392 705 533 808 exigunt
549 708 676 806 pastum
689 760 701 797 ,
714 733 815 806 quam
829 706 951 804 pruina
967 696 1128 799 evanuit,
1143 735 1181 785 ac
1192 708 1363 809 collique·
1440 722 1444 728 '

391 819 477 893 satia
491 819 538 894 est
543 818 674 920 glacies.
685 821 738 893 Ad
752 820 913 893 foeturam
924 844 1038 893 verres
1047 821 1181 894 duobus
1194 823 1364 898 mensibus

391 947 470 1002 ante
496 929 700 1004 secernendi.
722 928 903 1025 Optimum
927 929 969 999 ad
986 929 1201 1005 admissuram
1227 924 1363 1031 tempue

373 1062 412 1110 w'a
435 1036 582 1110 favonio
600 1038 643 1112 ad
663 1035 906 1136 aequinoffium
926 1061 1070 1110 vernum
1085 1062 1094 1107 ε
1107 1039 1151 1111 ita
1165 1038 1255 1112 enim
1275 1066 1363 1116 con·

391 1147 515 1245 tingit,
537 1166 576 1221 ut
601 1147 711 1221 aestate
738 1146 856 1243 pariat.
878 1164 1026 1244 quatuor
1050 1147 1142 1220 enim
1166 1148 1294 1222 menses
1317 1150 1364 1224 est

388 1283 580 1358 praegnans.
601 1260 640 1332 &
652 1275 733 1332 tunc
746 1256 850 1354 parit,
866 1280 944 1330 cum
960 1255 1087 1354 pabulo
1101 1256 1250 1331 abundat
1262 1276 1363 1336 terra.
1409 1287 1413 1293 ·

388 1369 515 1468 Neque
526 1370 676 1445 minores
688 1369 917 1459 admittenda,
930 1394 1032 1467 quam
1044 1362 1226 1444 anniculae.
1240 1372 1362 1449 melius

390 1499 451 1553 xx
467 1481 596 1554 menses
612 1480 819 1579 emperiam,
833 1502 871 1553 ut
892 1480 993 1554 bimae
1013 1481 1156 1578 pariant.
1175 1484 1266 1557 Cum
1289 1511 1365 1560 coe·

390 1608 540 1686 petunt,
554 1591 589 1664 id
611 1591 721 1665 facere
739 1591 899 1665 dicuntur
920 1590 1092 1688 usquead
1113 1591 1289 1690 septimum
1302 1620 1365 1667 an-

390 1725 473 1772 num
493 1701 592 1776 retie.
616 1700 823 1775 Admiffuras
848 1727 927 1775 cum
951 1699 1098 1790 faciunt,
1120 1690 1313 1804 prodigunt
1327 1703 1364 1774 in

391 1807 523 1888 lutosos
535 1808 658 1884 limites
670 1835 709 1884 ac
721 1810 843 1902 lustra,
856 1828 894 1883 ut
909 1811 1111 1883 volutentur
1124 1811 1160 1882 in
1175 1811 1272 1902 luto,
1287 1839 1365 1910 quae

390 1917 438 1990 est
450 1918 588 1992 illorum
603 1920 753 2018 requies,
768 1939 807 1992 ut
821 1919 949 1994 lavatio
962 1920 1122 1994 hominis.
1139 1923 1230 1994 Cum
1244 1948 1365 1996 omnes

391 2049 650 2126 conceperunt,
664 2029 775 2106 rursus
798 2029 973 2130 segregant
994 2056 1120 2105 vertes.
1143 2034 1260 2108 Verris
1282 2038 1364 2108 okio

392 2141 558 2215 menslum
573 2136 691 2238 incipit
705 2142 799 2216 salire
812 2169 821 2215 ε
842 2160 1034 2239 permanet,
1048 2160 1085 2214 ut
1099 2142 1134 2215 id
1153 2146 1240 2217 reete
1255 2143 1366 2221 facere

392 2253 518 2350 point,
540 2253 583 2326 ad
601 2253 759 2350 primum.
780 2247 902 2327 deinde
921 2253 948 2326 it
969 2270 1085 2343 retro,
1103 2255 1218 2352 quoad
1239 2282 1366 2353 perve-

393 2355 467 2436 niat
487 2365 528 2438 ad
543 2365 681 2439 lanium.
703 2366 769 2440 Hic
786 2366 877 2439 enim
899 2365 1107 2442 conciliator
1127 2365 1233 2440 suillae
1255 2368 1365 2443 carnis

391 2473 490 2545 datus
510 2473 657 2570 populo.
679 2475 741 2546 sus
765 2477 888 2549 Graece
912 2473 1037 2548 dicitur
1053 2464 1112 2568 ῖς,
1135 2474 1220 2547 olim
1246 2473 1366 2573 thysns

392 2582 521 2669 diuus,
537 2584 579 2656 ab
601 2584 663 2657 illo
682 2586 812 2676 uerbo,
834 2585 932 2684 quod
950 2584 1066 2671 dicunt
1086 2597 1183 2675 aurit,
1200 2587 1296 2683 quod
1318 2585 1367 2659 est

392 2691 583 2782 immolare.
606 2697 660 2769 Ab
675 2695 776 2769 suillo
790 2695 880 2769 enim
895 2720 1022 2796 genere
1033 2696 1169 2794 pecoris
1184 2694 1367 2769 immolau-

391 2803 429 2876 di
444 2803 579 2879 initium
595 2805 742 2903 primum
762 2805 907 2879 sumtum
923 2807 1080 2896 videtur,
1095 2804 1191 2897 cujus
1206 2805 1366 2902 vestigia,

394 2916 493 3011 quod
505 2917 611 2990 initiis
621 2919 754 2990 Ceteris
769 2918 866 3012 porci
880 2917 1117 3001 immolantur,
1133 2917 1172 2988 &
1188 2914 1283 3010 quod
1297 2915 1367 2986 ini·

394 3023 451 3094 tiis
470 3025 560 3119 pacis
582 3024 696 3100 foedus
717 3051 795 3099 cum
816 3023 955 3114 feritur,
971 3047 1096 3121 porcus
1120 3022 1368 3111 occiditur‚·&

394 3133 491 3228 quod
515 3133 711 3230 nuptiarum
738 3134 839 3209 initio
864 3133 995 3232 antiqui
1024 3156 1118 3232 teges¹
1141 3158 1181 3206 ac
1207 3130 1365 3207 sublimes

395 3243 466 3316 viri
492 3243 528 3317 in
550 3245 730 3337 Hetrutia‚
752 3247 788 3319 in
813 3244 1057 3341 conjuntiione
1081 3243 1245 3339 nuptiali,
1269 3246 1369 3316 nova*

381 3346 502 3448 ‘nupta
516 3357 555 3428 &
567 3380 682 3430 novus
696 3356 835 3454 maritus
850 3355 995 3452 primum
1014 3376 1160 3448 porcum
1171 3350 1364 3424 immolant.
1395 3415 1421 3454 ἱ.

377 3548 379 3553 ,
395 3462 499 3565 Prisci
519 3489 659 3562 quoque
673 3465 781 3539 Latini
797 3518 807 3548 ‚
821 3464 972 3538 &etiam
987 3459 1101 3534 Graeei
1119 3457 1260 3530 initalia
1275 3456 1366 3529 idem

395 3572 554 3644 saeiitaffe
569 3573 740 3647 videntur.
757 3572 845 3644 Nam
864 3574 904 3646 &
918 3571 1042 3644 nostrae
1062 3569 1239 3655 mulieres,
1257 3565 1367 3638 maui-

397 3706 453 3754 me
475 3681 644 3768 nutrices,
658 3704 835 3769 naturam,
852 3708 918 3780 qua
938 3680 1073 3752 feminae
1092 3679 1186 3767 sunt,
1200 3683 1235 3750 in
1260 3677 1367 3773 virgi·
1438 3694 1441 3701 ’

397 3791 497 3871 nibus
511 3793 681 3891 appellant
701 3787 865 3888 porcum,
888 3796 926 3865 &
945 3793 1077 3863 Gratcae
1098 3801 1214 3894 χ’ςῖρον,
1237 3784 1366 3885 signifi·

397 3917 513 3972 cantes
529 3902 593 3973 effe
612 3903 749 3998 dignum
771 3902 891 3997 infigni
913 3906 1118 4005 nuqtiarum.
1142 3898 1282 3969 suillum
1305 3922 1366 3991 pe·

397 4032 458 4081 cus
477 4010 640 4087 donatum
660 4013 703 4086 ab
723 4029 844 4086 natura
865 4013 986 4089 dicunt
1006 4013 1047 4085 ad
1064 4008 1279 4109 epulandum.
1296 4010 1365 4081 lta·
1401 4110 1405 4119 Ι

496 4140 501 4144 -
806 4146 809 4155 ,
1141 4122 1156 4151 0

610 4314 617 4349 i
