3509 5084
486 586 577 662 oa
624 584 710 657 aa
757 576 1156 681 ausanium-<J
1244 599 1290 691 35

329 746 487 844 busque,
508 732 663 819 frondem
677 743 838 840 putidam.
857 748 987 818 Partem
1005 748 1046 819 de
1065 747 1192 822 nucleis
1213 750 1292 825 suc-¹

331 858 465 931 cernito
489 857 527 928 δι
544 855 580 926 in
601 854 711 926 lacum
733 852 922 946 conjicito,
941 879 985 926 eo
1005 879 1125 954 aquam
1150 859 1265 930 addito
1277 878 1294 950 ,’

329 963 530 1060 permisceto
556 981 653 1035 rutro
680 963 776 1034 bene.
803 962 883 1034 lnde
910 963 1016 1035 lutum
1048 963 1175 1038 circum
1198 966 1291 1038 oleas

330 1075 538 1168 ablaqueatas
554 1068 695 1159 addito,
715 1071 857 1144 nucleos
874 1072 1070 1146 combustos
1093 1074 1173 1147 item
1196 1077 1294 1154 addi-i

318 1200 381 1270 to.
405 1182 491 1255 Vitis
509 1181 532 1252 si
554 1205 666 1253 macra
678 1180 742 1252 erit
756 1232 769 1268 ,
783 1178 944 1253 sarmenta
962 1183 1020 1254 sua
1038 1184 1213 1257 concidito
1228 1183 1293 1257 mi·¹

333 1311 439 1379 nute,
455 1288 631 1364 &ibidem
649 1289 800 1376 inarato,
815 1308 872 1359 aut
892 1288 1053 1362 infodito.
1071 1292 1133 1364 Per
1147 1292 1291 1366 hiemem

250 1488 253 1493 y
305 1475 310 1497 ‚
333 1401 571 1475 lucubratione
585 1400 657 1472 haec
670 1397 785 1471 facito.
797 1399 932 1472 Ridicas
948 1403 986 1474 ὃ(
998 1402 1104 1496 palos,
1114 1428 1207 1500 quos
1220 1404 1293 1498 pri·
1388 1467 1394 1475 .

333 1512 445 1584 diein
470 1513 559 1582 tado
577 1507 756 1605 posueras,
776 1508 884 1581 siccos
901 1509 1040 1599 dolato,
1063 1512 1189 1586 faculas
1207 1514 1291 1589 faci.

331 1638 396 1704 to,
419 1619 541 1692 stercus
568 1618 709 1714 egerito.
733 1617 804 1688 Nisi
830 1619 1048 1707 intermestri,
1069 1622 1214 1719 lunaque
1238 1625 1294 1696 di·'

246 1804 251 1819 ‚
334 1727 491 1814 midiata,
505 1725 674 1797 materiam
698 1749 741 1796 ne
763 1743 887 1822 tangas.
907 1728 1103 1819 Materiam,
1125 1757 1224 1826 quarn
1244 1729 1294 1804 ef·
1362 1752 1365 1758 ·

332 1832 443 1910 fodies
462 1853 517 1905 aut
540 1832 726 1928 praecides,
742 1832 800 1904 abs
813 1850 920 1920 terra,
936 1834 1052 1928 diebus
1066 1835 1188 1932 septem
1212 1861 1295 1934 pro-⁴

334 1944 462 2034 trimis,
489 1945 612 2040 quibus
638 1943 716 2014 luna
741 1944 838 2040 plena
864 1933 1141 2041 sueritsoptirne
1163 1949 1294 2024 exime-

335 2079 404 2128 tur.
430 2054 585 2128 Omnino
615 2070 763 2141 caveto,
782 2078 824 2126 ne
845 2079 944 2149 quam
971 2055 1142 2130 materiam
1171 2059 1294 2152 doles,

336 2191 404 2237 neu
422 2158 555 2252 cadas,
575 2189 639 2237 neu
661 2181 792 2261 tangas,
807 2163 832 2234 fi
845 2185 963 2260 potes,
984 2163 1044 2234 nisr
1060 2164 1204 2256 fictam,
1226 2195 1293 2242 neu
1325 2213 1336 2253 z-.

268 2300 272 2305 ’
335 2272 497 2370 gelidam,
513 2297 579 2344 neu
596 2270 814 2342 rorulentam.
835 2273 1015 2342 Frumenta
1030 2269 1102 2343 face
1121 2272 1171 2343 bis
1195 2274 1293 2359 sarias
1320 2316 1326 2328 =

336 2379 541 2478 runcesque,
558 2403 766 2473 avenamque
786 2375 975 2474 destringas.
993 2377 1050 2450 De
1064 2378 1163 2451 vinea
1184 2385 1220 2454 &
1242 2407 1293 2452 ar·

335 2489 477 2561 boribus
497 2487 620 2583 putatis
633 2487 793 2558 sarmenta
811 2487 954 2590 degere„
971 2488 1009 2561 δι
1032 2485 1179 2562 fiscinam
1204 2491 1296 2564 sace··
1319 2489 1333 2531 ³

305 2641 308 2647 ·
336 2627 395 2690 re,
409 2602 447 2675 &
463 2599 562 2688 vitis,
581 2599 722 2697 &ligna
739 2600 774 2674 in
791 2600 958 2703 caminum
979 2597 1125 2690 ficulna,
1143 2603 1182 2676 δι
1199 2603 1295 2677 codi·
1366 2653 1368 2656 -

337 2708 598 2789 cillosdomino
617 2707 653 2776 in
674 2733 835 2780 acervum
853 2729 1076 2804 componeto.

385 2820 582 2896 XXXVlll.
605 2826 790 2900 Fornacem
812 2801 987 2893 calcariam
1011 2821 1111 2914 pedes
1133 2819 1233 2892 latam
1255 2841 1298 2899 κς

251 3012 257 3021 ,
282 3003 285 3010 ,
337 2930 444 3006 facito
455 2985 466 3018 ,
479 2932 578 3003 altam
590 2933 689 3027 pedes
703 2950 771 3000 x-x.
781 2930 883 3024 usque
898 2930 939 3000 ad
955 2931 1052 3020 pedes
1066 2951 1120 2999 111.
1136 2928 1297 3006 summam
1339 2931 1341 2934 ’

338 3043 440 3114 latam
455 3040 656 3134 redigito.,Si
679 3062 752 3109 uno
767 3035 961 3130 ‘praefurnio
981 3060 1127 3133 coques,
1143 3038 1302 3116 lacunam

337 3149 429 3225 intus
440 3175 592 3247 magnam
607 3148 731 3238 facito,
743 3147 790 3219 uti
805 3147 879 3218 satis
892 3145 970 3227 fiet,
981 3145 1038 3217 ubi
1052 3147 1197 3219 cinerem
1207 3175 1297 3234 con·
1391 3212 1393 3215 .
1500 3180 1513 3203 ν

338 3259 463 3353 cipiat,
482 3248 522 3328 ne
542 3252 632 3328 foras
651 3257 690 3328 fit
711 3257 914 3329 educendus.
938 3259 1189 3352 Fornacernque
1211 3260 1298 3332 bene

338 3365 590 3441 sttuitotfacito
607 3366 718 3437 fortax
732 3378 840 3439 totam
853 3365 1028 3438 fornacem
1044 3362 1192 3439 infimam
1208 3395 1299 3442 com·
1342 3460 1345 3467 Ι

338 3479 513 3574 ρῙεὲὶεῐιιτ.
530 3476 565 3547 Si
586 3477 719 3549 duobus
737 3465 926 3569 praefurniis
948 3501 1096 3570 coques,
1112 3478 1232 3554 lacuna
1246 3484 1300 3556 ni.-

316 3589 393 3687 ,hil
410 3613 498 3682 opus
517 3587 588 3658 erit.
608 3589 696 3656 Cum
721 3586 833 3656 cinere
852 3579 952 3655 eruto
975 3608 1061 3681 opus
1083 3589 1170 3677 erit,
1192 3591 1299 3664 altero

339 3694 528 3794 prafurnio
551 3694 683 3778 eruito,
697 3692 733 3762 in
751 3692 858 3765 altero
875 3691 959 3790 ignis
980 3693 1053 3768 erit.
1067 3696 1179 3792 Ignem
1197 3724 1300 3773 cave·
1318 3750 1326 3759 .

246 3810 271 3835 '
340 3819 381 3874 to
404 3825 445 3872 ne
470 3798 693 3884 intermittas,
715 3799 797 3891 quin
814 3797 943 3892 semper
966 3799 1049 3888 stet,
1073 3826 1158 3871 neve
1175 3803 1301 3894 nosln,

340 3932 433 3981 neve
444 3908 519 3979 ullo
536 3927 691 4002 tempore
712 3905 1119 3996 intermittatur,'caveto.
1140 3910 1299 4001 Lapidem
1324 3950 1326 3957 ·

279 4021 282 4024 ⁴
330 4016 500 4105 -bonum,
521 4017 556 4089 in
571 4016 743 4101 fornacem
758 4068 770 4102 ,
784 4039 885 4112 quam
896 4016 1158 4102 candidissimum
1173 4068 1185 4109 ,
1200 4041 1301 4117 quam

414 4133 545 4226 Scriptt.
561 4133 603 4203 R.
623 4132 666 4206 R.
682 4119 797 4206 Vol-J.
1123 4124 1156 4197 C
