3509 5084
555 520 1143 629 'Deuauusrr'caaua
1167 559 1210 631 11:
1299 575 1369 654 171'
1455 601 1459 608 -

395 730 531 818 paratus
542 770 553 806 ,
566 715 621 789 sed
638 741 681 789 ex
703 714 872 790 consuetis
894 718 1041 792 una—De
1060 713 1204 793 semitrio
1219 716 1299 793 dico
1313 736 1370 802 εει-ζ

396 824 495 913 dem,
512 851 589 923 quae
605 825 738 898 Atticus
753 826 788 899 in
807 828 946 903 ovibus.
960 829 1029 904 hoc
1044 827 1161 917 aliter,
1180 819 1302 902 ovium
1315 829 1371 911 ,se-j
1479 884 1485 895 ,

394 959 474 1006 men
495 933 618 1007 tardius
633 936 722 1026 elle,
745 962 817 1033 quo
838 939 890 1008 hae
911 938 976 1010 srnt
993 937 1198 1035 placidiores
1210 964 1222 1026 ;
1246 956 1372 1015 contra

394 1047 522 1142 caprile
536 1046 698 1120 mobilius
713 1048 777 1121 esse
788 1102 800 1139 ,
812 1050 854 1121 de
875 1073 1018 1147 quarum
1033 1049 1218 1124 velocitate
1236 1051 1272 1121 in
1286 1048 1372 1126 Oris

393 1157 509 1254 ginum
519 1221 521 1226 .
533 1155 623 1229 libro
639 1159 729 1231 Cato
752 1157 866 1230 scribit
880 1159 971 1232 haec:
988 1141 1026 1232 lit
1041 1161 1209 1251 Saurasli‚
1224 1160 1371 1235 Fiscello

393 1292 505 1361 caprae
527 1264 607 1337 serae
622 1267 719 1350 sunt,
733 1293 811 1363 quae
830 1266 952 1347 saliunt
968 1294 987 1341 e
1008 1268 1090 1342 saxo
1107 1270 1213 1368 pedes
1227 1270 1303 1367 plus
1317 1270 1372 1347 se·‘¹
1391 1328 1395 1341 .

392 1400 551 1472 sagenos.
565 1377 662 1448 Oves
675 1375 788 1464 enim,
811 1403 894 1474 quas
914 1377 1208 1474 pascimus‚·ortae
1228 1378 1304 1451 sunt
1316 1379 1372 1452 ab'

392 1487 520 1560 ovibus
539 1485 637 1560 feris:
656 1486 701 1559 src
717 1511 851 1583 caprae,
867 1513 951 1586 quas
965 1488 1110 1579 alimus,
1126 1489 1266 1584 acapris
1288 1487 1373 1563 feris

392 1598 471 1670 sunt
494 1617 605 1686 ortae,
625 1623 645 1670 a
664 1600 760 1694 queis
775 1617 917 1696 propter
934 1601 1062 1676 ltaliam
1082 1591 1241 1699 Caprasia
1262 1599 1371 1675 insula
1471 1655 1481 1680 t

392 1709 440 1781 est
455 1707 648 1811 nominata„
660 1709 717 1780 De
737 1708 847 1804 capris
870 1713 967 1805 quod
983 1710 1126 1784 meliore
1144 1709 1269 1785 semine
1294 1702 1372 1794 eae,'

391 1846 470 1916 quae
491 1817 543 1890 bis
566 1817 728 1919 pariant,
754 1843 797 1890 ex
824 1818 875 1891 his
895 1820 1235 1920 potissimum-mares
1252 1817 1369 1907 solent

391 1928 543 2003 submitti
557 1929 599 2000 ad
622 1927 825 2002 admissuras.
838 1927 975 2025 quidam
997 1931 1100 2003 etiam
1112 1930 1192 2002 dant
1207 1953 1370 2032 operam,
1391 1918 1395 1925 ’

390 2057 430 2111 ut
452 2063 496 2110 ex
515 2036 621 2108 insula
634 2037 749 2109 Media
764 2063 881 2134 capras
901 2037 1065 2129 habeant,
1080 2037 1238 2137 quodibi
1255 2037 1369 2108 maxi·

389 2148 440 2224 mi
459 2174 499 2222 ac
519 2147 739 2246 pulcherrimi
760 2148 994 2227 existimantur
1010 2147 1084 2223 fieri
1098 2146 1206 2222 hoedi.
1223 2149 1280 2222 De
1297 2172 1369 2220 em·
1411 2199 1416 2208 -

388 2258 487 2331 tione
508 2256 606 2331 aliter
621 2255 703 2329 dico
718 2271 820 2354 atque
834 2253 891 2343 fit,
910 2258 1137 2356 quodeapras
1151 2256 1244 2359 sanas
1267 2254 1369 2333 sanus

389 2388 494 2465 nemo
511 2362 692 2460 promittit.
707 2390 884 2464 nimquam
902 2366 994 2447 enim
1009 2367 1079 2440 srne
1095 2365 1183 2440 febri
1201 2366 1288 2439 sunt.
1302 2369 1369 2440 lta·

388 2500 457 2573 que
476 2472 679 2575 stipulantur
692 2474 807 2571 paucis
823 2475 975 2572 exceptis
989 2476 1121 2551 verbis:
1140 2501 1179 2550 ac
1194 2475 1369 2559 Mamilius
1470 2480 1476 2486 ’
1505 2508 1509 2516 ·

390 2585 552 2681 scriptum
576 2584 713 2687 reliquit
732 2585 802 2678 src,
823 2587 900 2661 Illas
921 2611 1036 2686 capras
1054 2585 1159 2660 hodie
1174 2587 1263 2660 telle
1277 2586 1370 2681 effe,

391 2699 430 2770 δι
454 2695 570 2768 bibere
584 2696 703 2793 posse,
719 2699 912 2797 habereque
930 2701 1018 2773 resle
1036 2698 1158 2791 licere,
1171 2699 1247 2774 haec
1260 2700 1368 2798 spon·
1437 2696 1477 2791 ..⁴

382 2804 518 2889 ‘desnel
541 2807 597 2880 De
617 2806 742 2905 quibus
758 2808 993 2882 admirandum
1016 2807 1127 2896 illud,
1142 2809 1238 2906 qt'rod
1264 2809 1369 2884 etiam
1478 2812 1506 2879 ?'-.'

392 2912 576 2988 Archelaus
592 2911 728 3000 scribit,
741 2936 813 2982 non
829 2930 867 2984 ut
883 2913 1014 3007 'reliqua
1030 2910 1191 3002 animalia
1206 2912 1368 3006 naribus,
1511 2940 1514 2947 ’

389 3024 448 3098 sed
470 3023 607 3095 auribus
630 3020 786 3118 spiritum
801 3022 924 3094 ducere
940 3020 1048 3102 solere
1059 3032 1071 3108 “,
1082 3019 1239 3117 pastores
1253 3020 1370 3093 curio·

390 3132 494 3208 siores
515 3129 648 3228 aliquot
661 3129 789 3204 dicunt.
810 3131 865 3203 De
885 3128 998 3202 alteris
1013 3146 1185 3226 quatuor,
1204 3131 1301 3226 quod
1320 3128 1370 3205 est

391 3239 434 3315 de
454 3236 546 3331 pastu
569 3237 637 3310 hoc
652 3234 743 3311 dice.
767 3235 952 3311 stabulatur
974 3262 1079 3334 pecus
1098 3235 1219 3310 melius
1244 3238 1287 3312 ad
1312 3229 1370 3312 hi·

390 3347 519 3422 beruos
538 3367 680 3421 exortus
703 3346 890 3444 fispettm
909 3347 1007 3444 quod
1024 3346 1070 3418 est
1094 3341 1261 3420 alstosum.
1276 3348 1313 3419 ld
1327 3365 1367 3423 ut

391 3456 552 3553 pleraque
565 3454 766 3551 la'pide,aut
780 3457 860 3530 tella
875 3455 1039 3529 substerni
1054 3464 1218 3550 oportet,
1240 3455 1368 3553 caprile
1407 3514 1409 3518 Α
1426 3458 1428 3466 ’
1484 3441 1496 3453 ”

391 3563 589 3662 quominus
605 3564 643 3636 stt
663 3564 870 3664 uliginosum
882 3589 923 3640 ac
939 3563 1152 3641 lutulentum.
1170 3565 1266 3639 Foris
1284 3592 1367 3641 cum
1392 3563 1394 3566 ’
1438 3585 1444 3599 “

391 3673 440 3745 est
453 3674 735 3769 pernoslandu'm,
749 3674 829 3748 item
842 3676 879 3746 in
893 3675 1035 3748 eandem
1048 3691 1177 3771 partem
1192 3675 1275 3751 coeli
1287 3701 1366 3774 quaa

393 3782 553 3877 spellam,
572 3783 672 3882 saepta
686 3805 826 3885 oportet
844 3784 1006 3860 substemi
1024 3785 1201 3884 virgultis,
1219 3811 1262 3860 ne
1275 3784 1367 3889 obli·

390 3910 529 3967 riantur.
543 3918 606 3969 nec
629 3895 738 3967 multo
756 3895 1030 3970 aliter-tuendum
1044 3893 1113 3970 hoc
1135 3921 1238 3994 pecus
1255 3895 1291 3968 in
1305 3920 1367 3992 pa.

391 3999 466 4099 stu,
480 3999 580 4190 atque
598 4003 747 4085 ovillum
759 4058 772 4102 ‚
785 4005 881 4106 quod
893 4022 1007 4083 tamen
1025 4004 1127 4081 habet
1146 4004 1213 4081 sua'
1222 4003 1371 4106 propria
