<?xml version="1.0" encoding="UTF-8"?>
<!DOCTYPE html PUBLIC "-//W3C//DTD XHTML 1.0 Transitional//EN"
    "http://www.w3.org/TR/xhtml1/DTD/xhtml1-transitional.dtd">
<html xmlns="http://www.w3.org/1999/xhtml" xml:lang="en" lang="en">
 <head>
  <title>
</title>
<meta http-equiv="Content-Type" content="text/html;charset=utf-8" />
  <meta name='ocr-system' content='tesseract 3.04.00' />
  <meta name='ocr-capabilities' content='ocr_page ocr_carea ocr_par ocr_line ocrx_word'/>
</head>
<body>
  <div class='ocr_page' id='page_1' title='image "./scriptoresreiru02gesngoog_0227.png"; bbox 0 0 3509 5084; ppageno 0'>
   <div class='ocr_carea' id='block_1_1' title="bbox 412 460 453 571">
    <p class='ocr_par' dir='ltr' id='par_1_1' title="bbox 412 460 453 571">
     <span class='ocr_line' id='line_1_1' title="bbox 412 460 453 533; baseline 0 0"><span class='ocrx_word' id='word_1_1' title='bbox 412 460 453 533; x_wconf 69' lang='lat' dir='ltr'>-r</span> 
     </span>
     <span class='ocr_line' id='line_1_2' title="bbox 439 546 445 571; baseline 0 0"><span class='ocrx_word' id='word_1_2' title='bbox 439 546 445 571; x_wconf 70' lang='lat' dir='ltr'>i</span> 
     </span>
    </p>
   </div>
   <div class='ocr_carea' id='block_1_2' title="bbox 456 569 1357 717">
    <p class='ocr_par' dir='ltr' id='par_1_2' title="bbox 456 569 1357 717">
     <span class='ocr_line' id='line_1_3' title="bbox 456 569 1357 717; baseline 0.019 -47"><span class='ocrx_word' id='word_1_3' title='bbox 456 580 479 611; x_wconf 62' lang='lat'>³</span> <span class='ocrx_word' id='word_1_4' title='bbox 533 590 635 672; x_wconf 71' lang='lat' dir='ltr'>-DE</span> <span class='ocrx_word' id='word_1_5' title='bbox 683 574 1199 703; x_wconf 60' lang='lat' dir='ltr'>Retro-strom</span> <span class='ocrx_word' id='word_1_6' title='bbox 1242 569 1245 575; x_wconf 33' lang='lat'><strong>¹</strong></span> <span class='ocrx_word' id='word_1_7' title='bbox 1287 617 1357 717; x_wconf 71' lang='lat'>165</span> 
     </span>
    </p>
   </div>
   <div class='ocr_carea' id='block_1_3' title="bbox 388 757 1364 1187">
    <p class='ocr_par' dir='ltr' id='par_1_3' title="bbox 388 757 1364 1182">
     <span class='ocr_line' id='line_1_4' title="bbox 388 757 1363 861; baseline 0.005 -24"><span class='ocrx_word' id='word_1_8' title='bbox 388 761 428 837; x_wconf 89' lang='lat' dir='ltr'>in</span> <span class='ocrx_word' id='word_1_9' title='bbox 442 759 596 835; x_wconf 81' lang='lat' dir='ltr'>Venafro</span> <span class='ocrx_word' id='word_1_10' title='bbox 610 784 687 861; x_wconf 82' lang='lat' dir='ltr'>ager</span> <span class='ocrx_word' id='word_1_11' title='bbox 707 757 858 857; x_wconf 87' lang='lat' dir='ltr'>optimus</span> <span class='ocrx_word' id='word_1_12' title='bbox 881 780 939 832; x_wconf 82' lang='lat' dir='ltr'>rx.</span> <span class='ocrx_word' id='word_1_13' title='bbox 956 759 1044 857; x_wconf 84' lang='lat' dir='ltr'>parti</span> <span class='ocrx_word' id='word_1_14' title='bbox 1057 760 1154 837; x_wconf 84' lang='lat' dir='ltr'>corbi</span> <span class='ocrx_word' id='word_1_15' title='bbox 1170 762 1312 841; x_wconf 81' lang='lat' dir='ltr'>dividat.</span> <span class='ocrx_word' id='word_1_16' title='bbox 1327 772 1363 851; x_wconf 84' lang='lat' dir='ltr'>Si</span> 
     </span>
     <span class='ocr_line' id='line_1_5' title="bbox 390 862 1364 976; baseline 0.009 -34"><span class='ocrx_word' id='word_1_17' title='bbox 390 871 620 952; x_wconf 86' lang='lat' dir='ltr'>communiter</span> <span class='ocrx_word' id='word_1_18' title='bbox 633 870 744 968; x_wconf 82' lang='lat' dir='ltr'>pisunt</span> <span class='ocrx_word' id='word_1_19' title='bbox 757 923 767 956; x_wconf 92' lang='lat'>,</span> <span class='ocrx_word' id='word_1_20' title='bbox 782 862 901 964; x_wconf 72' lang='lat' dir='ltr'>qua&#39;ex</span> <span class='ocrx_word' id='word_1_21' title='bbox 919 887 1013 964; x_wconf 87' lang='lat' dir='ltr'>parte</span> <span class='ocrx_word' id='word_1_22' title='bbox 1035 873 1178 966; x_wconf 88' lang='lat' dir='ltr'>politori</span> <span class='ocrx_word' id='word_1_23' title='bbox 1197 902 1273 971; x_wconf 83' lang='lat' dir='ltr'>pars</span> <span class='ocrx_word' id='word_1_24' title='bbox 1295 885 1364 976; x_wconf 81' lang='lat' dir='ltr'>est,</span> 
     </span>
     <span class='ocr_line' id='line_1_6' title="bbox 390 977 1364 1086; baseline 0.011 -31"><span class='ocrx_word' id='word_1_25' title='bbox 390 1006 466 1055; x_wconf 84' lang='lat' dir='ltr'>eam</span> <span class='ocrx_word' id='word_1_26' title='bbox 488 998 615 1076; x_wconf 80' lang='lat' dir='ltr'>partem</span> <span class='ocrx_word' id='word_1_27' title='bbox 634 981 671 1050; x_wconf 89' lang='lat' dir='ltr'>in</span> <span class='ocrx_word' id='word_1_28' title='bbox 694 977 869 1075; x_wconf 84' lang='lat' dir='ltr'>pistrinum</span> <span class='ocrx_word' id='word_1_29' title='bbox 893 979 1034 1083; x_wconf 82' lang='lat' dir='ltr'>politor.</span> <span class='ocrx_word' id='word_1_30' title='bbox 1061 981 1156 1054; x_wconf 83' lang='lat' dir='ltr'>Orde</span> <span class='ocrx_word' id='word_1_31' title='bbox 1141 1007 1216 1057; x_wconf 89' lang='lat' dir='ltr'>um</span> <span class='ocrx_word' id='word_1_32' title='bbox 1242 991 1364 1086; x_wconf 78' lang='lat' dir='ltr'>quinta</span> 
     </span>
     <span class='ocr_line' id='line_1_7' title="bbox 391 1078 1104 1187; baseline -0.01 -20"><span class='ocrx_word' id='word_1_33' title='bbox 391 1091 534 1187; x_wconf 79' lang='lat' dir='ltr'>modio,</span> <span class='ocrx_word' id='word_1_34' title='bbox 551 1088 659 1163; x_wconf 85' lang='lat' dir='ltr'>fabam</span> <span class='ocrx_word' id='word_1_35' title='bbox 681 1086 797 1182; x_wconf 86' lang='lat' dir='ltr'>quinta</span> <span class='ocrx_word' id='word_1_36' title='bbox 820 1078 940 1159; x_wconf 86' lang='lat' dir='ltr'>modio</span> <span class='ocrx_word' id='word_1_37' title='bbox 960 1086 1104 1160; x_wconf 85' lang='lat' dir='ltr'>dividat.</span> 
     </span>
    </p>
   </div>
   <div class='ocr_carea' id='block_1_4' title="bbox 441 1158 1523 1325">
    <p class='ocr_par' dir='ltr' id='par_1_4' title="bbox 441 1158 1523 1325">
     <span class='ocr_line' id='line_1_8' title="bbox 441 1158 1523 1325; baseline 0.01 -52"><span class='ocrx_word' id='word_1_38' title='bbox 441 1198 657 1273; x_wconf 81' lang='lat' dir='ltr'>cxxxvu.</span> <span class='ocrx_word' id='word_1_39' title='bbox 673 1197 826 1275; x_wconf 87' lang='lat' dir='ltr'>Vineam</span> <span class='ocrx_word' id='word_1_40' title='bbox 832 1198 1015 1269; x_wconf 83' lang='lat' dir='ltr'>curandam</span> <span class='ocrx_word' id='word_1_41' title='bbox 1033 1199 1196 1325; x_wconf 83' lang='lat' dir='ltr'>partiario</span> <span class='ocrx_word' id='word_1_42' title='bbox 1206 1203 1294 1282; x_wconf 87' lang='lat' dir='ltr'>bene</span> <span class='ocrx_word' id='word_1_43' title='bbox 1308 1237 1366 1285; x_wconf 92' lang='lat' dir='ltr'>cu</span> <span class='ocrx_word' id='word_1_44' title='bbox 1404 1158 1407 1162; x_wconf 16' lang='grc' dir='ltr'>ι</span> <span class='ocrx_word' id='word_1_45' title='bbox 1517 1182 1523 1193; x_wconf 71' lang='lat'><strong>.</strong></span> 
     </span>
    </p>
   </div>
   <div class='ocr_carea' id='block_1_5' title="bbox 362 1304 1476 4262">
    <p class='ocr_par' dir='ltr' id='par_1_5' title="bbox 369 1304 1368 1629">
     <span class='ocr_line' id='line_1_9' title="bbox 369 1304 1366 1409; baseline 0.004 -29"><span class='ocrx_word' id='word_1_46' title='bbox 369 1342 372 1354; x_wconf 88' lang='lat'>·</span> <span class='ocrx_word' id='word_1_47' title='bbox 391 1327 463 1399; x_wconf 75' lang='lat' dir='ltr'>ret3</span> <span class='ocrx_word' id='word_1_48' title='bbox 481 1309 623 1380; x_wconf 82' lang='lat' dir='ltr'>fundum</span> <span class='ocrx_word' id='word_1_49' title='bbox 638 1304 832 1409; x_wconf 83' lang='lat' dir='ltr'>,arbustum</span> <span class='ocrx_word' id='word_1_50' title='bbox 844 1359 856 1394; x_wconf 90' lang='lat'>‚</span> <span class='ocrx_word' id='word_1_51' title='bbox 870 1331 986 1402; x_wconf 82' lang='lat' dir='ltr'>agrum</span> <span class='ocrx_word' id='word_1_52' title='bbox 1001 1305 1196 1379; x_wconf 71' lang='lat' dir='ltr'>firmem·</span> <span class='ocrx_word' id='word_1_53' title='bbox 1151 1337 1270 1390; x_wconf 81' lang='lat' dir='ltr'>arrum.</span> <span class='ocrx_word' id='word_1_54' title='bbox 1284 1319 1366 1392; x_wconf 59' lang='lat' dir='ltr'>Para·</span> 
     </span>
     <span class='ocr_line' id='line_1_10' title="bbox 391 1394 1368 1525; baseline 0.009 -32"><span class='ocrx_word' id='word_1_55' title='bbox 391 1414 497 1493; x_wconf 80' lang='lat' dir='ltr'>tiario</span> <span class='ocrx_word' id='word_1_56' title='bbox 520 1417 651 1490; x_wconf 89' lang='lat' dir='ltr'>foenum</span> <span class='ocrx_word' id='word_1_57' title='bbox 671 1417 708 1488; x_wconf 87' lang='lat'>&amp;</span> <span class='ocrx_word' id='word_1_58' title='bbox 730 1394 1025 1512; x_wconf 63' lang='lat' dir='ltr'>primumquod</span> <span class='ocrx_word' id='word_1_59' title='bbox 1047 1417 1156 1493; x_wconf 85' lang='lat' dir='ltr'>bubus</span> <span class='ocrx_word' id='word_1_60' title='bbox 1181 1421 1258 1497; x_wconf 84' lang='lat' dir='ltr'>satis</span> <span class='ocrx_word' id='word_1_61' title='bbox 1272 1427 1368 1525; x_wconf 85' lang='lat' dir='ltr'>fiet,</span> 
     </span>
     <span class='ocr_line' id='line_1_11' title="bbox 392 1525 1183 1629; baseline 0 -27"><span class='ocrx_word' id='word_1_62' title='bbox 392 1555 454 1629; x_wconf 89' lang='lat' dir='ltr'>qur</span> <span class='ocrx_word' id='word_1_63' title='bbox 444 1529 544 1600; x_wconf 79' lang='lat' dir='ltr'>illic</span> <span class='ocrx_word' id='word_1_64' title='bbox 558 1529 650 1601; x_wconf 76' lang='lat' dir='ltr'>sient.</span> <span class='ocrx_word' id='word_1_65' title='bbox 666 1525 807 1599; x_wconf 78' lang='lat' dir='ltr'>Cetera</span> <span class='ocrx_word' id='word_1_66' title='bbox 803 1525 919 1597; x_wconf 80' lang='lat' dir='ltr'>omnia</span> <span class='ocrx_word' id='word_1_67' title='bbox 935 1551 999 1620; x_wconf 89' lang='lat' dir='ltr'>pro</span> <span class='ocrx_word' id='word_1_68' title='bbox 1020 1527 1183 1604; x_wconf 84' lang='lat' dir='ltr'>indiviso.</span> 
     </span>
    </p>

    <p class='ocr_par' dir='ltr' id='par_1_6' title="bbox 393 1608 1442 2064">
     <span class='ocr_line' id='line_1_12' title="bbox 442 1608 1366 1736; baseline 0.013 -24"><span class='ocrx_word' id='word_1_69' title='bbox 442 1640 671 1712; x_wconf 79' lang='lat' dir='ltr'><strong>CXXXVIII.</strong></span> <span class='ocrx_word' id='word_1_70' title='bbox 691 1640 806 1709; x_wconf 87' lang='lat' dir='ltr'><strong>Boves</strong></span> <span class='ocrx_word' id='word_1_71' title='bbox 830 1637 927 1710; x_wconf 88' lang='lat' dir='ltr'>feriis</span> <span class='ocrx_word' id='word_1_72' title='bbox 943 1637 1159 1736; x_wconf 77' lang='lat' dir='ltr'>conjungere,</span> <span class='ocrx_word' id='word_1_73' title='bbox 1177 1628 1268 1723; x_wconf 80' lang='lat' dir='ltr'>licet</span> <span class='ocrx_word' id='word_1_74' title='bbox 1286 1608 1366 1731; x_wconf 88' lang='lat' dir='ltr'>Hoc</span> 
     </span>
     <span class='ocr_line' id='line_1_13' title="bbox 393 1744 1368 1852; baseline 0.008 -28"><span class='ocrx_word' id='word_1_75' title='bbox 393 1749 477 1824; x_wconf 87' lang='lat' dir='ltr'>licet</span> <span class='ocrx_word' id='word_1_76' title='bbox 498 1746 631 1839; x_wconf 83' lang='lat' dir='ltr'>facere,</span> <span class='ocrx_word' id='word_1_77' title='bbox 644 1744 809 1819; x_wconf 84' lang='lat' dir='ltr'>arvehant</span> <span class='ocrx_word' id='word_1_78' title='bbox 827 1746 942 1844; x_wconf 87' lang='lat' dir='ltr'>ligna,</span> <span class='ocrx_word' id='word_1_79' title='bbox 965 1744 1110 1832; x_wconf 72' lang='lat' dir='ltr'>fabalia,</span> <span class='ocrx_word' id='word_1_80' title='bbox 1139 1749 1368 1852; x_wconf 80' lang='lat' dir='ltr'>frumentum,</span> 
     </span>
     <span class='ocr_line' id='line_1_14' title="bbox 394 1855 1442 1958; baseline 0.014 -28"><span class='ocrx_word' id='word_1_81' title='bbox 394 1861 492 1958; x_wconf 91' lang='lat' dir='ltr'>quod</span> <span class='ocrx_word' id='word_1_82' title='bbox 520 1882 593 1930; x_wconf 86' lang='lat' dir='ltr'>non</span> <span class='ocrx_word' id='word_1_83' title='bbox 615 1859 752 1949; x_wconf 77' lang='lat' dir='ltr'>daturos</span> <span class='ocrx_word' id='word_1_84' title='bbox 778 1855 852 1928; x_wconf 88' lang='lat' dir='ltr'>erit.</span> <span class='ocrx_word' id='word_1_85' title='bbox 875 1856 1003 1944; x_wconf 78' lang='lat' dir='ltr'>Molis,</span> <span class='ocrx_word' id='word_1_86' title='bbox 1018 1859 1135 1954; x_wconf 81' lang='lat' dir='ltr'>equis,</span> <span class='ocrx_word' id='word_1_87' title='bbox 1155 1861 1254 1938; x_wconf 86' lang='lat' dir='ltr'>asmis</span> <span class='ocrx_word' id='word_1_88' title='bbox 1276 1867 1371 1945; x_wconf 77' lang='lat' dir='ltr'>feriae</span> <span class='ocrx_word' id='word_1_89' title='bbox 1438 1920 1442 1925; x_wconf 72' lang='lat'><em>,</em></span> 
     </span>
     <span class='ocr_line' id='line_1_15' title="bbox 397 1962 971 2064; baseline -0.009 -23"><span class='ocrx_word' id='word_1_90' title='bbox 397 1967 525 2064; x_wconf 71' lang='lat' dir='ltr'>trullae,</span> <span class='ocrx_word' id='word_1_91' title='bbox 541 1966 602 2036; x_wconf 83' lang='lat' dir='ltr'>nisr</span> <span class='ocrx_word' id='word_1_92' title='bbox 620 1965 693 2037; x_wconf 68' lang='lat' dir='ltr'>siin</span> <span class='ocrx_word' id='word_1_93' title='bbox 715 1963 841 2036; x_wconf 81' lang='lat' dir='ltr'>familia</span> <span class='ocrx_word' id='word_1_94' title='bbox 862 1962 949 2036; x_wconf 89' lang='lat' dir='ltr'><strong>sunt.</strong></span> <span class='ocrx_word' id='word_1_95' title='bbox 967 1976 971 1987; x_wconf 90' lang='lat'>&#39;</span> 
     </span>
    </p>

    <p class='ocr_par' dir='ltr' id='par_1_7' title="bbox 362 2073 1476 3165">
     <span class='ocr_line' id='line_1_16' title="bbox 447 2073 1476 2175; baseline 0.012 -26"><span class='ocrx_word' id='word_1_96' title='bbox 447 2074 653 2149; x_wconf 88' lang='lat' dir='ltr'><strong>CXXXIX.</strong></span> <span class='ocrx_word' id='word_1_97' title='bbox 673 2075 802 2145; x_wconf 89' lang='lat' dir='ltr'>Lucum</span> <span class='ocrx_word' id='word_1_98' title='bbox 830 2073 1013 2146; x_wconf 85' lang='lat' dir='ltr'>conlucare</span> <span class='ocrx_word' id='word_1_99' title='bbox 1028 2077 1189 2153; x_wconf 80' lang='lat' dir='ltr'>Romano</span> <span class='ocrx_word' id='word_1_100' title='bbox 1205 2106 1302 2158; x_wconf 92' lang='lat' dir='ltr'>more</span> <span class='ocrx_word' id='word_1_101' title='bbox 1324 2087 1372 2162; x_wconf 86' lang='lat' dir='ltr'>src</span> <span class='ocrx_word' id='word_1_102' title='bbox 1472 2167 1476 2175; x_wconf 62' lang='grc'><strong>,</strong></span> 
     </span>
     <span class='ocr_line' id='line_1_17' title="bbox 398 2179 1427 2292; baseline 0.009 -36"><span class='ocrx_word' id='word_1_103' title='bbox 398 2201 550 2284; x_wconf 87' lang='lat' dir='ltr'>oportet.</span> <span class='ocrx_word' id='word_1_104' title='bbox 566 2182 681 2258; x_wconf 90' lang='lat' dir='ltr'>Porco</span> <span class='ocrx_word' id='word_1_105' title='bbox 702 2181 840 2276; x_wconf 87' lang='lat' dir='ltr'>piaculo</span> <span class='ocrx_word' id='word_1_106' title='bbox 864 2179 982 2256; x_wconf 83' lang='lat' dir='ltr'>facito.</span> <span class='ocrx_word' id='word_1_107' title='bbox 1007 2186 1061 2257; x_wconf 85' lang='lat' dir='ltr'>Sic</span> <span class='ocrx_word' id='word_1_108' title='bbox 1088 2189 1192 2261; x_wconf 86' lang='lat' dir='ltr'>verba</span> <span class='ocrx_word' id='word_1_109' title='bbox 1216 2195 1374 2292; x_wconf 84' lang='lat' dir='ltr'>concipi·</span> <span class='ocrx_word' id='word_1_110' title='bbox 1425 2249 1427 2253; x_wconf 86' lang='grc'><strong>-</strong></span> 
     </span>
     <span class='ocr_line' id='line_1_18' title="bbox 399 2292 1374 2414; baseline 0.009 -45"><span class='ocrx_word' id='word_1_111' title='bbox 399 2315 465 2370; x_wconf 86' lang='lat' dir='ltr'>ro:</span> <span class='ocrx_word' id='word_1_112' title='bbox 480 2293 514 2365; x_wconf 84' lang='lat' dir='ltr'>si</span> <span class='ocrx_word' id='word_1_113' title='bbox 528 2295 649 2381; x_wconf 89' lang='lat' dir='ltr'>Deus,</span> <span class='ocrx_word' id='word_1_114' title='bbox 667 2292 781 2365; x_wconf 86' lang='lat' dir='ltr'>srDea</span> <span class='ocrx_word' id='word_1_115' title='bbox 800 2317 856 2383; x_wconf 87' lang='lat' dir='ltr'>es,</span> <span class='ocrx_word' id='word_1_116' title='bbox 875 2292 1019 2414; x_wconf 74' lang='lat' dir='ltr'>quoium</span> <span class='ocrx_word' id='word_1_117' title='bbox 1041 2294 1126 2368; x_wconf 82' lang='lat' dir='ltr'>illud</span> <span class='ocrx_word' id='word_1_118' title='bbox 1152 2299 1278 2374; x_wconf 83' lang='lat' dir='ltr'>sacrum</span> <span class='ocrx_word' id='word_1_119' title='bbox 1305 2308 1374 2399; x_wconf 81' lang='lat' dir='ltr'>est,</span> 
     </span>
     <span class='ocr_line' id='line_1_19' title="bbox 399 2363 1375 2498; baseline 0.009 -18"><span class='ocrx_word' id='word_1_120' title='bbox 399 2425 453 2480; x_wconf 85' lang='lat' dir='ltr'>rrtr</span> <span class='ocrx_word' id='word_1_121' title='bbox 443 2402 560 2476; x_wconf 91' lang='lat' dir='ltr'>tibi</span> <span class='ocrx_word' id='word_1_122' title='bbox 551 2428 604 2495; x_wconf 72' lang='lat' dir='ltr'>jus</span> <span class='ocrx_word' id='word_1_123' title='bbox 624 2402 684 2475; x_wconf 81' lang='lat' dir='ltr'>stet</span> <span class='ocrx_word' id='word_1_124' title='bbox 703 2426 815 2498; x_wconf 86' lang='lat' dir='ltr'>porco</span> <span class='ocrx_word' id='word_1_125' title='bbox 838 2401 972 2498; x_wconf 82' lang='lat' dir='ltr'>piaculo</span> <span class='ocrx_word' id='word_1_126' title='bbox 990 2391 1122 2493; x_wconf 78' lang='lat' dir='ltr'>tacere,</span> <span class='ocrx_word' id='word_1_127' title='bbox 1138 2408 1269 2483; x_wconf 78' lang='lat' dir='ltr'>iliiusce</span> <span class='ocrx_word' id='word_1_128' title='bbox 1289 2363 1375 2490; x_wconf 82' lang='lat' dir='ltr'>sacri</span> 
     </span>
     <span class='ocr_line' id='line_1_20' title="bbox 400 2514 1375 2619; baseline 0.008 -30"><span class='ocrx_word' id='word_1_129' title='bbox 400 2514 587 2593; x_wconf 88' lang='lat' dir='ltr'>coercendi</span> <span class='ocrx_word' id='word_1_130' title='bbox 601 2538 695 2613; x_wconf 86' lang='lat' dir='ltr'>ergo.</span> <span class='ocrx_word' id='word_1_131' title='bbox 709 2516 878 2590; x_wconf 81' lang='lat' dir='ltr'>Harumce</span> <span class='ocrx_word' id='word_1_132' title='bbox 892 2539 1002 2587; x_wconf 82' lang='lat' dir='ltr'>rerum</span> <span class='ocrx_word' id='word_1_133' title='bbox 1017 2541 1112 2613; x_wconf 81' lang='lat' dir='ltr'>ergo,</span> <span class='ocrx_word' id='word_1_134' title='bbox 1127 2518 1197 2591; x_wconf 82' lang='lat' dir='ltr'>five</span> <span class='ocrx_word' id='word_1_135' title='bbox 1212 2546 1290 2619; x_wconf 83' lang='lat' dir='ltr'>ego,</span> <span class='ocrx_word' id='word_1_136' title='bbox 1303 2525 1375 2600; x_wconf 87' lang='lat' dir='ltr'>five</span> 
     </span>
     <span class='ocr_line' id='line_1_21' title="bbox 402 2625 1376 2731; baseline 0.008 -28"><span class='ocrx_word' id='word_1_137' title='bbox 402 2629 482 2728; x_wconf 87' lang='lat' dir='ltr'>quis</span> <span class='ocrx_word' id='word_1_138' title='bbox 499 2628 585 2724; x_wconf 82' lang='lat' dir='ltr'>juffu</span> <span class='ocrx_word' id='word_1_139' title='bbox 597 2652 676 2701; x_wconf 89' lang='lat' dir='ltr'>meo</span> <span class='ocrx_word' id='word_1_140' title='bbox 697 2625 837 2718; x_wconf 88' lang='lat' dir='ltr'>fecerit,</span> <span class='ocrx_word' id='word_1_141' title='bbox 852 2627 904 2700; x_wconf 88' lang='lat' dir='ltr'>uti</span> <span class='ocrx_word' id='word_1_142' title='bbox 921 2626 955 2699; x_wconf 92' lang='lat' dir='ltr'>id</span> <span class='ocrx_word' id='word_1_143' title='bbox 969 2629 1057 2700; x_wconf 66' lang='lat' dir='ltr'>reste</span> <span class='ocrx_word' id='word_1_144' title='bbox 1073 2629 1194 2729; x_wconf 67' lang='lat' dir='ltr'>facium</span> <span class='ocrx_word' id='word_1_145' title='bbox 1211 2633 1279 2710; x_wconf 83' lang='lat' dir='ltr'>fier.</span> <span class='ocrx_word' id='word_1_146' title='bbox 1292 2638 1376 2731; x_wconf 82' lang='lat' dir='ltr'>Ejus</span> 
     </span>
     <span class='ocr_line' id='line_1_22' title="bbox 403 2737 1376 2838; baseline 0.006 -23"><span class='ocrx_word' id='word_1_147' title='bbox 403 2740 455 2815; x_wconf 91' lang='lat' dir='ltr'>rei</span> <span class='ocrx_word' id='word_1_148' title='bbox 478 2765 567 2838; x_wconf 79' lang='lat' dir='ltr'>ergo¹</span> <span class='ocrx_word' id='word_1_149' title='bbox 582 2759 615 2812; x_wconf 90' lang='lat' dir='ltr'>te</span> <span class='ocrx_word' id='word_1_150' title='bbox 642 2739 710 2812; x_wconf 87' lang='lat' dir='ltr'>hoc</span> <span class='ocrx_word' id='word_1_151' title='bbox 732 2741 844 2835; x_wconf 83' lang='lat' dir='ltr'>porco</span> <span class='ocrx_word' id='word_1_152' title='bbox 867 2737 1003 2834; x_wconf 86' lang='lat' dir='ltr'>piaculo</span> <span class='ocrx_word' id='word_1_153' title='bbox 1029 2737 1241 2814; x_wconf 85' lang='lat' dir='ltr'>immolando</span> <span class='ocrx_word' id='word_1_154' title='bbox 1265 2747 1376 2823; x_wconf 80' lang='lat' dir='ltr'>bonas</span> 
     </span>
     <span class='ocr_line' id='line_1_23' title="bbox 403 2846 1377 2948; baseline 0.001 -25"><span class='ocrx_word' id='word_1_155' title='bbox 403 2864 522 2948; x_wconf 76' lang='lat' dir='ltr'>preces</span> <span class='ocrx_word' id='word_1_156' title='bbox 539 2873 681 2945; x_wconf 87' lang='lat' dir='ltr'>precor,</span> <span class='ocrx_word' id='word_1_157' title='bbox 693 2848 744 2920; x_wconf 88' lang='lat' dir='ltr'>uti</span> <span class='ocrx_word' id='word_1_158' title='bbox 758 2847 816 2919; x_wconf 80' lang='lat' dir='ltr'>fies</span> <span class='ocrx_word' id='word_1_159' title='bbox 832 2846 955 2920; x_wconf 84' lang='lat' dir='ltr'>volens</span> <span class='ocrx_word' id='word_1_160' title='bbox 969 2848 1138 2941; x_wconf 84' lang='lat' dir='ltr'>propitius</span> <span class='ocrx_word' id='word_1_161' title='bbox 1153 2850 1253 2939; x_wconf 87' lang='lat' dir='ltr'>mihi,</span> <span class='ocrx_word' id='word_1_162' title='bbox 1268 2855 1377 2931; x_wconf 87' lang='lat' dir='ltr'>domo</span> 
     </span>
     <span class='ocr_line' id='line_1_24' title="bbox 403 2953 1378 3063; baseline 0.005 -31"><span class='ocrx_word' id='word_1_163' title='bbox 403 2958 611 3063; x_wconf 84' lang='lat' dir='ltr'>familiaeque</span> <span class='ocrx_word' id='word_1_164' title='bbox 630 2983 732 3044; x_wconf 83' lang='lat' dir='ltr'>meae‚</span> <span class='ocrx_word' id='word_1_165' title='bbox 752 2954 934 3057; x_wconf 82' lang='lat' dir='ltr'>liberisque</span> <span class='ocrx_word' id='word_1_166' title='bbox 956 2953 1050 3024; x_wconf 79' lang='lat' dir='ltr'>meis.</span> <span class='ocrx_word' id='word_1_167' title='bbox 1072 2955 1240 3029; x_wconf 83' lang='lat' dir='ltr'>Harumce</span> <span class='ocrx_word' id='word_1_168' title='bbox 1262 2985 1378 3038; x_wconf 87' lang='lat' dir='ltr'>rerum</span> 
     </span>
     <span class='ocr_line' id='line_1_25' title="bbox 362 3062 1330 3174; baseline 0.002 -31"><span class='ocrx_word' id='word_1_169' title='bbox 362 3117 366 3122; x_wconf 76' lang='lat'><em>,</em></span> <span class='ocrx_word' id='word_1_170' title='bbox 404 3092 490 3165; x_wconf 82' lang='lat' dir='ltr'>ergo</span> <span class='ocrx_word' id='word_1_171' title='bbox 509 3067 614 3137; x_wconf 67' lang='lat' dir='ltr'>macte</span> <span class='ocrx_word' id='word_1_172' title='bbox 636 3066 705 3137; x_wconf 92' lang='lat' dir='ltr'>hoc</span> <span class='ocrx_word' id='word_1_173' title='bbox 719 3078 833 3174; x_wconf 83' lang='lat' dir='ltr'>porco</span> <span class='ocrx_word' id='word_1_174' title='bbox 854 3062 992 3160; x_wconf 81' lang='lat' dir='ltr'>piaculo</span> <span class='ocrx_word' id='word_1_175' title='bbox 1011 3062 1265 3139; x_wconf 85' lang='lat' dir='ltr'>immolando</span> <span class='ocrx_word' id='word_1_176' title='bbox 1247 3071 1330 3148; x_wconf 78' lang='lat' dir='ltr'>e.sto</span> 
     </span>
    </p>

    <p class='ocr_par' dir='ltr' id='par_1_8' title="bbox 405 3162 1433 3705">
     <span class='ocr_line' id='line_1_26' title="bbox 469 3162 1380 3300; baseline 0.008 -52"><span class='ocrx_word' id='word_1_177' title='bbox 469 3177 575 3248; x_wconf 89' lang='lat' dir='ltr'><strong>CXL.</strong></span> <span class='ocrx_word' id='word_1_178' title='bbox 594 3173 630 3246; x_wconf 88' lang='lat' dir='ltr'>Si</span> <span class='ocrx_word' id='word_1_179' title='bbox 657 3174 775 3249; x_wconf 83' lang='lat' dir='ltr'>fodere</span> <span class='ocrx_word' id='word_1_180' title='bbox 787 3168 914 3261; x_wconf 84' lang='lat' dir='ltr'>velis,</span> <span class='ocrx_word' id='word_1_181' title='bbox 935 3172 1042 3244; x_wconf 86' lang='lat' dir='ltr'>altero</span> <span class='ocrx_word' id='word_1_182' title='bbox 1069 3162 1232 3300; x_wconf 79' lang='lat' dir='ltr'>piaculo,</span> <span class='ocrx_word' id='word_1_183' title='bbox 1253 3182 1380 3260; x_wconf 88' lang='lat' dir='ltr'>eodem</span> 
     </span>
     <span class='ocr_line' id='line_1_27' title="bbox 407 3284 1382 3382; baseline 0.009 -24"><span class='ocrx_word' id='word_1_184' title='bbox 407 3286 518 3365; x_wconf 88' lang='lat' dir='ltr'>modo</span> <span class='ocrx_word' id='word_1_185' title='bbox 543 3284 670 3377; x_wconf 88' lang='lat' dir='ltr'>facito,</span> <span class='ocrx_word' id='word_1_186' title='bbox 688 3287 757 3360; x_wconf 92' lang='lat' dir='ltr'>hoc</span> <span class='ocrx_word' id='word_1_187' title='bbox 778 3284 890 3382; x_wconf 86' lang='lat' dir='ltr'>ampli</span> <span class='ocrx_word' id='word_1_188' title='bbox 886 3309 921 3357; x_wconf 85' lang='lat' dir='ltr'>rs</span> <span class='ocrx_word' id='word_1_189' title='bbox 943 3284 1050 3358; x_wconf 82' lang='lat' dir='ltr'>dicito</span> <span class='ocrx_word' id='word_1_190' title='bbox 1062 3286 1207 3379; x_wconf 85' lang='lat' dir='ltr'>‚operis</span> <span class='ocrx_word' id='word_1_191' title='bbox 1230 3285 1382 3375; x_wconf 83' lang='lat' dir='ltr'>faciundi</span> 
     </span>
     <span class='ocr_line' id='line_1_28' title="bbox 409 3392 1433 3491; baseline -0.011 -20"><span class='ocrx_word' id='word_1_192' title='bbox 409 3395 532 3473; x_wconf 84' lang='lat' dir='ltr'>causa:</span> <span class='ocrx_word' id='word_1_193' title='bbox 554 3421 631 3469; x_wconf 89' lang='lat' dir='ltr'>cum</span> <span class='ocrx_word' id='word_1_194' title='bbox 646 3420 753 3491; x_wconf 80' lang='lat' dir='ltr'>opus,</span> <span class='ocrx_word' id='word_1_195' title='bbox 771 3394 926 3491; x_wconf 87' lang='lat' dir='ltr'>quotidie</span> <span class='ocrx_word' id='word_1_196' title='bbox 945 3419 1005 3489; x_wconf 91' lang='lat' dir='ltr'>per</span> <span class='ocrx_word' id='word_1_197' title='bbox 1020 3411 1129 3486; x_wconf 85' lang='lat' dir='ltr'>partes</span> <span class='ocrx_word' id='word_1_198' title='bbox 1144 3392 1260 3474; x_wconf 76' lang='lat' dir='ltr'>facito.</span> <span class='ocrx_word' id='word_1_199' title='bbox 1281 3398 1382 3473; x_wconf 78' lang='lat' dir='ltr'>siin.</span> <span class='ocrx_word' id='word_1_200' title='bbox 1430 3441 1433 3446; x_wconf 87' lang='lat'>-</span> 
     </span>
     <span class='ocr_line' id='line_1_29' title="bbox 410 3501 1383 3598; baseline -0.002 -15"><span class='ocrx_word' id='word_1_201' title='bbox 410 3506 614 3595; x_wconf 73' lang='lat' dir='ltr'>remiseris,</span> <span class='ocrx_word' id='word_1_202' title='bbox 636 3524 692 3578; x_wconf 86' lang='lat' dir='ltr'>aut</span> <span class='ocrx_word' id='word_1_203' title='bbox 714 3504 807 3580; x_wconf 73' lang='lat' dir='ltr'>ferire</span> <span class='ocrx_word' id='word_1_204' title='bbox 829 3503 975 3598; x_wconf 83' lang='lat' dir='ltr'>publicae</span> <span class='ocrx_word' id='word_1_205' title='bbox 999 3520 1055 3574; x_wconf 79' lang='lat' dir='ltr'>out</span> <span class='ocrx_word' id='word_1_206' title='bbox 1080 3501 1258 3579; x_wconf 84' lang='lat' dir='ltr'>familiares</span> <span class='ocrx_word' id='word_1_207' title='bbox 1277 3506 1383 3594; x_wconf 53' lang='lat' dir='ltr'>intere·</span> 
     </span>
     <span class='ocr_line' id='line_1_30' title="bbox 405 3607 1011 3705; baseline -0.017 -13"><span class='ocrx_word' id='word_1_208' title='bbox 405 3614 587 3701; x_wconf 67' lang='lat' dir='ltr'>cesserint,</span> <span class='ocrx_word' id='word_1_209' title='bbox 609 3612 717 3684; x_wconf 86' lang='lat' dir='ltr'>altero</span> <span class='ocrx_word' id='word_1_210' title='bbox 735 3609 872 3705; x_wconf 84' lang='lat' dir='ltr'>piaculo</span> <span class='ocrx_word' id='word_1_211' title='bbox 894 3607 1011 3682; x_wconf 76' lang='lat' dir='ltr'>facito</span> 
     </span>
    </p>

    <p class='ocr_par' dir='ltr' id='par_1_9' title="bbox 414 3720 1473 4155">
     <span class='ocr_line' id='line_1_31' title="bbox 464 3720 1450 3820; baseline -0.001 -22"><span class='ocrx_word' id='word_1_212' title='bbox 464 3727 587 3798; x_wconf 81' lang='lat' dir='ltr'><strong>CXLI.</strong></span> <span class='ocrx_word' id='word_1_213' title='bbox 606 3726 733 3819; x_wconf 82' lang='lat' dir='ltr'>Agrum</span> <span class='ocrx_word' id='word_1_214' title='bbox 753 3720 957 3794; x_wconf 68' lang='lat' dir='ltr'>lustrarem</span> <span class='ocrx_word' id='word_1_215' title='bbox 977 3737 1129 3816; x_wconf 75' lang='lat' dir='ltr'>oportet.</span> <span class='ocrx_word' id='word_1_216' title='bbox 1148 3722 1279 3820; x_wconf 77' lang='lat' dir='ltr'>Impera</span> <span class='ocrx_word' id='word_1_217' title='bbox 1304 3723 1385 3804; x_wconf 74' lang='lat' dir='ltr'>suo-1</span> <span class='ocrx_word' id='word_1_218' title='bbox 1437 3812 1450 3819; x_wconf 88' lang='lat'>..</span> 
     </span>
     <span class='ocr_line' id='line_1_32' title="bbox 414 3824 1473 3932; baseline -0.002 -22"><span class='ocrx_word' id='word_1_219' title='bbox 414 3837 588 3910; x_wconf 81' lang='lat' dir='ltr'>vitaurilia</span> <span class='ocrx_word' id='word_1_220' title='bbox 603 3831 796 3932; x_wconf 73' lang='lat' dir='ltr'>circumagi.</span> <span class='ocrx_word' id='word_1_221' title='bbox 811 3833 900 3905; x_wconf 85' lang='lat' dir='ltr'>Cum</span> <span class='ocrx_word' id='word_1_222' title='bbox 913 3831 1018 3906; x_wconf 88' lang='lat' dir='ltr'>Divis</span> <span class='ocrx_word' id='word_1_223' title='bbox 1031 3832 1228 3906; x_wconf 81' lang='lat' dir='ltr'>volentibus</span> <span class='ocrx_word' id='word_1_224' title='bbox 1243 3888 1254 3920; x_wconf 93' lang='lat'>,</span> <span class='ocrx_word' id='word_1_225' title='bbox 1268 3837 1385 3929; x_wconf 83' lang='lat' dir='ltr'>quod·</span> <span class='ocrx_word' id='word_1_226' title='bbox 1470 3824 1473 3829; x_wconf 38' lang='lat'><em>¹</em></span> 
     </span>
     <span class='ocr_line' id='line_1_33' title="bbox 417 3940 1383 4044; baseline -0.003 -27"><span class='ocrx_word' id='word_1_227' title='bbox 417 3971 486 4044; x_wconf 86' lang='lat' dir='ltr'>que</span> <span class='ocrx_word' id='word_1_228' title='bbox 499 3946 585 4017; x_wconf 86' lang='lat' dir='ltr'>bene</span> <span class='ocrx_word' id='word_1_229' title='bbox 606 3943 763 4033; x_wconf 86' lang='lat' dir='ltr'>eveniat,</span> <span class='ocrx_word' id='word_1_230' title='bbox 779 3940 903 4020; x_wconf 83' lang='lat' dir='ltr'>mando</span> <span class='ocrx_word' id='word_1_231' title='bbox 914 3940 976 4014; x_wconf 90' lang='lat' dir='ltr'>tibi</span> <span class='ocrx_word' id='word_1_232' title='bbox 994 3941 1112 4031; x_wconf 84' lang='lat' dir='ltr'>Mani,</span> <span class='ocrx_word' id='word_1_233' title='bbox 1127 3941 1176 4012; x_wconf 89' lang='lat' dir='ltr'>uri</span> <span class='ocrx_word' id='word_1_234' title='bbox 1192 3940 1291 4013; x_wconf 80' lang='lat' dir='ltr'>illrce</span> <span class='ocrx_word' id='word_1_235' title='bbox 1305 3940 1383 4014; x_wconf 87' lang='lat' dir='ltr'>suo·</span> 
     </span>
     <span class='ocr_line' id='line_1_34' title="bbox 417 4049 1385 4155; baseline -0.001 -26"><span class='ocrx_word' id='word_1_236' title='bbox 417 4056 590 4155; x_wconf 84' lang='lat' dir='ltr'>vitamilia</span> <span class='ocrx_word' id='word_1_237' title='bbox 603 4054 764 4144; x_wconf 87' lang='lat' dir='ltr'>fundum,</span> <span class='ocrx_word' id='word_1_238' title='bbox 778 4078 916 4150; x_wconf 83' lang='lat' dir='ltr'>agrum,</span> <span class='ocrx_word' id='word_1_239' title='bbox 932 4049 1123 4150; x_wconf 78' lang='lat' dir='ltr'>tetramque</span> <span class='ocrx_word' id='word_1_240' title='bbox 1136 4076 1266 4146; x_wconf 83' lang='lat' dir='ltr'>meam,</span> <span class='ocrx_word' id='word_1_241' title='bbox 1278 4072 1385 4153; x_wconf 70' lang='lat' dir='ltr'>quota</span> 
     </span>
    </p>

    <p class='ocr_par' dir='ltr' id='par_1_10' title="bbox 462 4155 1281 4262">
     <span class='ocr_line' id='line_1_35' title="bbox 462 4155 1281 4262; baseline -0.007 -22"><span class='ocrx_word' id='word_1_242' title='bbox 462 4166 617 4262; x_wconf 75' lang='lat' dir='ltr'>&#39;Scripm</span> <span class='ocrx_word' id='word_1_243' title='bbox 631 4169 675 4242; x_wconf 91' lang='lat' dir='ltr'>R.</span> <span class='ocrx_word' id='word_1_244' title='bbox 690 4170 733 4238; x_wconf 84' lang='lat' dir='ltr'>R.</span> <span class='ocrx_word' id='word_1_245' title='bbox 751 4155 871 4242; x_wconf 67' lang='lat' dir='ltr'>Voti.</span> <span class='ocrx_word' id='word_1_246' title='bbox 1190 4160 1219 4235; x_wconf 88' lang='lat' dir='ltr'>E</span> <span class='ocrx_word' id='word_1_247' title='bbox 1275 4210 1281 4219; x_wconf 85' lang='lat'><em>·</em></span> 
     </span>
    </p>
   </div>
   <div class='ocr_carea' id='block_1_6' title="bbox 0 0 1799 5084">
    <p class='ocr_par' dir='ltr' id='par_1_11' title="bbox 0 0 1799 5084">
     <span class='ocr_line' id='line_1_36' title="bbox 0 0 1799 5084; baseline 0 0"><span class='ocrx_word' id='word_1_248' title='bbox 0 0 1799 5084; x_wconf 95' lang='lat' dir='ltr'> </span> 
     </span>
    </p>
   </div>
  </div>
 </body>
</html>
