3509 5084
451 508 453 512 i
556 560 630 636 Dr:
657 561 728 634 nn
748 558 988 647 uusrrcn
1016 562 1109 638 um.
1132 567 1175 639 11.
1282 577 1350 667 ιρι

390 720 524 796 missarii
552 723 684 818 aliquot
712 722 903 796 venierunt.
931 748 1018 819 quos
1043 723 1185 797 emimus
1207 724 1286 798 item
1311 744 1352 802 ut

354 841 357 849 ‘
389 855 515 930 equos,
529 831 786 927 stipulamurque
801 833 836 902 in
851 833 1019 921 emendo,
1035 857 1074 905 ac
1088 831 1228 908 facimus
1243 838 1278 909 in
1292 860 1354 913 ac-

389 942 551 1036 cipiendo
572 943 682 1028 idem,
702 943 795 1037 quod
810 941 933 1014 didum
951 942 996 1014 est
1021 943 1056 1014 in
1079 944 1187 1040 equis.
1204 947 1276 1019 Hos
1290 973 1354 1044 pa·

389 1049 510 1129 scimus
529 1051 698 1148 praecipue
710 1049 930 1148 foeno'atque
950 1051 1084 1140 ordeo,
1104 1053 1142 1124 δι
1157 1052 1191 1124 id
1203 1078 1278 1126 anre
1292 1058 1352 1128 ad·

389 1159 557 1234 misturam
581 1161 702 1259 largius
723 1160 887 1252 facimus,
908 1179 946 1232 ut
960 1160 1039 1234 cibo
1056 1159 1280 1236 suffundamus
1299 1165 1352 1239 vi·

388 1293 442 1341 res
461 1271 504 1340 ad
524 1271 694 1365 foeturam.
714 1271 844 1341 Eodem
864 1293 1041 1365 tempore,
1060 1294 1134 1369 quo
1158 1296 1266 1368 equos
1289 1276 1351 1347 ad·

354 1376 358 1382 ’
389 1381 570 1471 ducentes,
587 1366 757 1478 iidemque
780 1382 948 1453 utineam
967 1406 1068 1479 equas
1088 1396 1149 1477 per
1170 1383 1280 1480 origas
1295 1410 1353 1459 cu·

389 1513 512 1564 ramus.
531 1495 620 1565 Cum
639 1491 767 1587 peperit
782 1516 867 1587 equa
885 1492 1039 1582 mulum,
1060 1509 1118 1564 aut
1129 1492 1276 1582 mulam,
1289 1520 1355 1569 nu·

389 1599 546 1673 tricantes
569 1604 761 1674 educamus.
783 1600 893 1687 Hi‚,s1
909 1600 945 1672 in
967 1600 1166 1696 palustribus
1181 1602 1352 1694 lociS,at·
1456 1606 1465 1618 ’

387 1735 455 1807 que
476 1712 648 1811 uliginosis
669 1711 756 1800 nati,
769 1712 891 1783 habent
910 1711 1050 1808 ungulas
1065 1713 1196 1786 molles.
1212 1713 1312 1787 iidem
1328 1715 1354 1790 fi

388 1821 496 1894 exani
515 1822 591 1894 sunt
608 1821 728 1894 aestivo
748 1840 903 1916 tempore
922 1822 957 1895 in
978 1839 1111 1894 montes
1126 1822 1243 1918 ,quod
1263 1821 1301 1895 fit
1316 1822 1355 1896 in

388 1952 471 2025 agro
487 1927 650 2015 Reatino,
666 1926 841 1999 duriffimis
855 1926 988 2023 ungulis
1002 1924 1097 1998 fiunt.
1114 1928 1152 1998 In
1168 1952 1265 2026 grege
1277 1955 1355 2002 mu·

388 2036 501 2108 lorum
514 2036 869 2132 parando,spe&anda
888 2055 984 2126 aetas,
1001 2039 1039 2110 δι
1052 2034 1174 2108 forma.
1188 2039 1354 2130 alterum,

390 2164 431 2217 ut
452 2145 598 2219 vedutis
630 2144 767 2217 sufferre
793 2144 1288 2241 laborespoffin13al'terum,
1314 2168 1355 2222 ut

364 2249 366 2254 ’
391 2255 514 2327 oculos
535 2254 664 2350 nspedu
683 2252 850 2326 deledare
873 2272 1008 2350 queant.
1032 2253 1122 2328 hisce
1148 2254 1237 2326 enim
1265 2254 1355 2330 binis

392 2361 583 2457 conjunctis
602 2363 719 2435 omnia
740 2359 895 2436 vehicula
919 2363 953 2434 in
976 2361 1043 2436 viis
1066 2363 1244 2438 ducuntur.
1271 2366 1355 2440 Haec

392 2498 448 2545 me
471 2471 617 2547 Reatino
637 2475 775 2546 audore
790 2473 968 2569 probares,
986 2471 1068 2543 mihi
1089 2474 1212 2567 inquit,
1233 2472 1293 2544 nist
1315 2492 1355 2546 tu
1447 2539 1449 2541 ,

393 2581 462 2678 ipse
486 2581 581 2655 domi
607 2607 767 2680 equarum
789 2607 903 2682 greges
926 2582 1088 2663 habetes,
1114 2582 1356 2684 aemulorum
1426 2664 1429 2668 g

392 2717 508 2790 greges
527 2691 737 2765 vendidiffes.
761 2693 918 2778 Hinnus,
937 2691 994 2789 qui
1017 2691 1223 2788 appellatur,
1243 2690 1290 2764 est
1312 2715 1363 2779 ex,

391 2827 483 2898 equo
503 2802 672 2892 &afina,
693 2803 807 2876 minor
832 2827 930 2899 quam
955 2802 1066 2887 mulus
1093 2825 1263 2894 corpore,
1284 2801 1357 2894 ple·
1413 2892 1415 2899 Ι

391 2939 537 3007 tumque
569 2913 811 3000 rubicundior,
837 2911 974 2983 autibus
1000 2927 1038 2980 ut
1062 2907 1219 3002 equinis,
1240 2908 1356 3000 jubam
1453 2993 1455 3007 Ι

393 3024 593 3096 &caudam
622 3021 759 3092 similem
786 3017 876 3090 adini.
902 3021 983 3088 item
1009 3016 1045 3087 in
1066 3033 1187 3097 ventre
1212 3015 1259 3087 est
1288 3014 1355 3115 (ut

392 3128 527 3230 equus)
550 3128 679 3202 menses
706 3125 894 3200 duodecim.
915 3125 1027 3200 Hosce
1045 3123 1126 3198 item
1148 3144 1186 3196 ut
1208 3126 1359 3222 equulo!

392 3243 433 3314 &
457 3243 624 3327 educant,
645 3242 685 3313 δι
699 3238 813 3331 alunt,
828 3239 866 3313 δι
884 3255 1015 3310 aetatem
1039 3260 1159 3329 eurum
1178 3259 1223 3308 ex
1246 3235 1357 3313 dentis

394 3354 457 3425 bus
478 3351 702 3448 cognoscunt.
980 3418 983 3439 ,

442 3463 503 3536 ΙΧ.
526 3461 766 3558 Relinquitur,
788 3454 900 3555 inquit
921 3458 1118 3544 Amcus,
1139 3454 1181 3527 de
1205 3454 1357 3552 quadrui¹

393 3573 555 3670 pedibus,
571 3571 667 3667 quod
688 3569 730 3641 ad
745 3572 844 3642 c'anes
860 3565 1004 3654 attinet,
1024 3566 1168 3638 maxime
1193 3568 1234 3636 ad
1265 3588 1356 3654 nos,

393 3682 454 3779 qui
478 3703 580 3779 pecus
600 3677 761 3775 pascimus
787 3677 908 3749 lauare.
923 3675 1031 3762 ¹Canis
1054 3679 1145 3747 enim
1175 3673 1220 3745 ita
1242 3671 1356 3745 custos

395 3792 545 3886 pecoris,
559 3809 597 3862 ut
607 3787 691 3884 ejus,
704 3787 798 3884 quod
807 3811 851 3862 eo
863 3786 990 3860 comite
1001 3785 1129 3886 indiget
1142 3786 1185 3856 ad
1197 3783 1228 3856 se
1240 3781 1356 3870 defen·

396 3901 554 3974 dendum.
575 3900 701 3998 inquo
721 3922 841 3996 genere
860 3896 936 3970 sunt
957 3896 1102 3969 maxime
1115 3920 1216 3982 oves,
1232 3892 1354 3964 deinde

400 4032 520 4105 captae.
542 4011 601 4083 has
614 4009 703 4085 enim
726 4007 826 4106 lupus
847 4013 982 4104 captat'e
997 4001 1181 4094 {ueneni
1204 4002 1359 4100 opponi-2
1393 4065 1396 4103 ·.
1450 4055 1454 4061 ·
