<?xml version="1.0" encoding="UTF-8"?>
<!DOCTYPE html PUBLIC "-//W3C//DTD XHTML 1.0 Transitional//EN"
    "http://www.w3.org/TR/xhtml1/DTD/xhtml1-transitional.dtd">
<html xmlns="http://www.w3.org/1999/xhtml" xml:lang="en" lang="en">
 <head>
  <title>
</title>
<meta http-equiv="Content-Type" content="text/html;charset=utf-8" />
  <meta name='ocr-system' content='tesseract 3.04.00' />
  <meta name='ocr-capabilities' content='ocr_page ocr_carea ocr_par ocr_line ocrx_word'/>
</head>
<body>
  <div class='ocr_page' id='page_1' title='image "./scriptoresreiru02gesngoog_0099.png"; bbox 0 0 3509 5084; ppageno 0'>
   <div class='ocr_carea' id='block_1_1' title="bbox 419 575 1259 830">
    <p class='ocr_par' dir='ltr' id='par_1_1' title="bbox 290 575 1259 841">
     <span class='ocr_line' id='line_1_1' title="bbox 419 575 1259 658; baseline 0.011 -9"><span class='ocrx_word' id='word_1_1' title='bbox 419 578 504 649; x_wconf 69' lang='lat' dir='ltr'>‘DE</span> <span class='ocrx_word' id='word_1_2' title='bbox 528 575 823 647; x_wconf 68' lang='lat' dir='ltr'>morteto</span> <span class='ocrx_word' id='word_1_3' title='bbox 852 579 1086 654; x_wconf 82' lang='lat' dir='ltr'><em>CATONE.</em></span> <span class='ocrx_word' id='word_1_4' title='bbox 1159 602 1259 658; x_wconf 79' lang='lat' dir='ltr'>trent</span> 
     </span>
     <span class='ocr_line' id='line_1_2' title="bbox 441 734 1250 830; baseline 0.007 -21.899"><span class='ocrx_word' id='word_1_5' title='bbox 441 739 554 808; x_wconf 81' lang='lat' dir='ltr'><em>Oratio</em></span> <span class='ocrx_word' id='word_1_6' title='bbox 569 762 628 829; x_wconf 87' lang='lat' dir='ltr'>pro</span> <span class='ocrx_word' id='word_1_7' title='bbox 649 740 725 830; x_wconf 75' lang='lat' dir='ltr'>lege</span> <span class='ocrx_word' id='word_1_8' title='bbox 749 738 855 830; x_wconf 83' lang='lat' dir='ltr'><em>Oppia</em></span> <span class='ocrx_word' id='word_1_9' title='bbox 877 745 966 830; x_wconf 82' lang='lat' dir='ltr'>apud</span> <span class='ocrx_word' id='word_1_10' title='bbox 981 734 1124 814; x_wconf 70' lang='lat' dir='ltr'>Livium.</span> <span class='ocrx_word' id='word_1_11' title='bbox 1242 755 1250 785; x_wconf 80' lang='lat'><em>&#39;</em></span> 
     </span>
    </p>
   </div>
   <div class='ocr_carea' id='block_1_2' title="bbox 276 925 1353 1356">
    <p class='ocr_par' dir='ltr' id='par_1_2' title="bbox 276 925 1353 1356">
     <span class='ocr_line' id='line_1_3' title="bbox 276 925 1348 1024; baseline 0.007 -21"><span class='ocrx_word' id='word_1_12' title='bbox 276 954 280 963; x_wconf 83' lang='lat'><em>·</em></span> <span class='ocrx_word' id='word_1_13' title='bbox 358 931 471 1003; x_wconf 82' lang='lat' dir='ltr'>Oratio</span> <span class='ocrx_word' id='word_1_14' title='bbox 488 925 632 1003; x_wconf 86' lang='lat' dir='ltr'>Catonis</span> <span class='ocrx_word' id='word_1_15' title='bbox 648 956 708 1022; x_wconf 84' lang='lat' dir='ltr'>pro</span> <span class='ocrx_word' id='word_1_16' title='bbox 723 934 785 1024; x_wconf 80' lang='lat' dir='ltr'>lege</span> <span class='ocrx_word' id='word_1_17' title='bbox 803 931 912 1023; x_wconf 72' lang='lat' dir='ltr'>Oppia</span> <span class='ocrx_word' id='word_1_18' title='bbox 924 931 1082 1007; x_wconf 86' lang='lat' dir='ltr'>adversus</span> <span class='ocrx_word' id='word_1_19' title='bbox 1104 938 1142 1008; x_wconf 90' lang='lat' dir='ltr'>L.</span> <span class='ocrx_word' id='word_1_20' title='bbox 1156 935 1261 1010; x_wconf 82' lang='lat' dir='ltr'>Vale·</span> <span class='ocrx_word' id='word_1_21' title='bbox 1307 1003 1310 1011; x_wconf 19' lang='grc' dir='ltr'>Α</span> <span class='ocrx_word' id='word_1_22' title='bbox 1346 1004 1348 1011; x_wconf 93' lang='grc'>.</span> 
     </span>
     <span class='ocr_line' id='line_1_4' title="bbox 298 1038 1353 1140; baseline 0.004 -27"><span class='ocrx_word' id='word_1_23' title='bbox 298 1039 393 1133; x_wconf 66' lang='lat' dir='ltr'>rium</span> <span class='ocrx_word' id='word_1_24' title='bbox 413 1040 625 1125; x_wconf 83' lang='lat' dir='ltr'>Tribunum,</span> <span class='ocrx_word' id='word_1_25' title='bbox 644 1063 721 1109; x_wconf 88' lang='lat' dir='ltr'>cum</span> <span class='ocrx_word' id='word_1_26' title='bbox 746 1039 872 1110; x_wconf 90' lang='lat' dir='ltr'>Valerii</span> <span class='ocrx_word' id='word_1_27' title='bbox 900 1038 1114 1135; x_wconf 74' lang='lat' dir='ltr'>responsione</span> <span class='ocrx_word' id='word_1_28' title='bbox 1139 1044 1260 1140; x_wconf 86' lang='lat' dir='ltr'>legitur</span> <span class='ocrx_word' id='word_1_29' title='bbox 1350 1072 1353 1079; x_wconf 90' lang='lat'>·</span> 
     </span>
     <span class='ocr_line' id='line_1_5' title="bbox 299 1147 1261 1254; baseline 0.001 -28"><span class='ocrx_word' id='word_1_30' title='bbox 299 1151 393 1248; x_wconf 89' lang='lat' dir='ltr'>apud</span> <span class='ocrx_word' id='word_1_31' title='bbox 409 1149 550 1223; x_wconf 85' lang='lat' dir='ltr'>Livium</span> <span class='ocrx_word' id='word_1_32' title='bbox 563 1147 738 1235; x_wconf 85' lang='lat' dir='ltr'>XXXIV,</span> <span class='ocrx_word' id='word_1_33' title='bbox 761 1173 780 1219; x_wconf 91' lang='lat'><em>2</em></span> <span class='ocrx_word' id='word_1_34' title='bbox 804 1148 851 1244; x_wconf 89' lang='lat' dir='ltr'>sq.</span> <span class='ocrx_word' id='word_1_35' title='bbox 866 1149 1005 1246; x_wconf 84' lang='lat' dir='ltr'>ingenio</span> <span class='ocrx_word' id='word_1_36' title='bbox 1024 1151 1114 1230; x_wconf 85' lang='lat' dir='ltr'>Livii</span> <span class='ocrx_word' id='word_1_37' title='bbox 1129 1175 1205 1254; x_wconf 83' lang='lat' dir='ltr'>apte</span> <span class='ocrx_word' id='word_1_38' title='bbox 1218 1155 1261 1227; x_wconf 83' lang='lat' dir='ltr'>ad</span> 
     </span>
     <span class='ocr_line' id='line_1_6' title="bbox 299 1255 980 1356; baseline 0 -23"><span class='ocrx_word' id='word_1_39' title='bbox 299 1284 373 1333; x_wconf 86' lang='lat' dir='ltr'>rem</span> <span class='ocrx_word' id='word_1_40' title='bbox 398 1262 436 1333; x_wconf 78' lang='grc' dir='ltr'>δι</span> <span class='ocrx_word' id='word_1_41' title='bbox 458 1255 635 1354; x_wconf 80' lang='lat' dir='ltr'>personam</span> <span class='ocrx_word' id='word_1_42' title='bbox 656 1257 800 1330; x_wconf 86' lang='lat' dir='ltr'>Catonis</span> <span class='ocrx_word' id='word_1_43' title='bbox 822 1259 980 1356; x_wconf 63' lang='lat' dir='ltr'>expreffa,</span> 
     </span>
    </p>
   </div>
   <div class='ocr_carea' id='block_1_3' title="bbox 303 1459 1261 1664">
    <p class='ocr_par' dir='ltr' id='par_1_3' title="bbox 303 1459 1261 1664">
     <span class='ocr_line' id='line_1_7' title="bbox 303 1459 1261 1564; baseline 0.006 -29"><span class='ocrx_word' id='word_1_44' title='bbox 303 1461 515 1563; x_wconf 79' lang='lat' dir='ltr'>Supposttitia</span> <span class='ocrx_word' id='word_1_45' title='bbox 531 1466 659 1534; x_wconf 83' lang='lat' dir='ltr'>Catonis</span> <span class='ocrx_word' id='word_1_46' title='bbox 673 1463 713 1531; x_wconf 82' lang='lat' dir='ltr'>ab</span> <span class='ocrx_word' id='word_1_47' title='bbox 733 1465 845 1533; x_wconf 85' lang='lat' dir='ltr'>Annio</span> <span class='ocrx_word' id='word_1_48' title='bbox 857 1466 950 1536; x_wconf 81' lang='lat' dir='ltr'>edita.</span> <span class='ocrx_word' id='word_1_49' title='bbox 960 1459 1111 1564; x_wconf 73' lang='lat' dir='ltr'>Disticha</span> <span class='ocrx_word' id='word_1_50' title='bbox 1127 1473 1261 1541; x_wconf 82' lang='lat' dir='ltr'>moralia</span> 
     </span>
     <span class='ocr_line' id='line_1_8' title="bbox 426 1571 1140 1664; baseline 0.004 -22"><span class='ocrx_word' id='word_1_51' title='bbox 426 1574 551 1642; x_wconf 78' lang='lat' dir='ltr'>alterius</span> <span class='ocrx_word' id='word_1_52' title='bbox 562 1571 740 1664; x_wconf 82' lang='lat' dir='ltr'>scriptoris.</span> <span class='ocrx_word' id='word_1_53' title='bbox 764 1573 885 1642; x_wconf 76' lang='lat' dir='ltr'>Valerii</span> <span class='ocrx_word' id='word_1_54' title='bbox 906 1577 1036 1644; x_wconf 83' lang='lat' dir='ltr'>Catonis</span> <span class='ocrx_word' id='word_1_55' title='bbox 1056 1578 1140 1645; x_wconf 78' lang='lat' dir='ltr'>dim.</span> 
     </span>
    </p>
   </div>
   <div class='ocr_carea' id='block_1_4' title="bbox 294 1774 1266 3157">
    <p class='ocr_par' dir='ltr' id='par_1_4' title="bbox 294 1774 1266 3157">
     <span class='ocr_line' id='line_1_9' title="bbox 363 1774 1262 1871; baseline 0.003 -23"><span class='ocrx_word' id='word_1_56' title='bbox 363 1775 502 1861; x_wconf 79' lang='lat' dir='ltr'>Cetera,</span> <span class='ocrx_word' id='word_1_57' title='bbox 523 1796 620 1870; x_wconf 83' lang='lat' dir='ltr'>quae,</span> <span class='ocrx_word' id='word_1_58' title='bbox 641 1778 799 1869; x_wconf 77' lang='lat' dir='ltr'>tanquam</span> <span class='ocrx_word' id='word_1_59' title='bbox 823 1783 869 1845; x_wconf 85' lang='lat' dir='ltr'>&#39;ex</span> <span class='ocrx_word' id='word_1_60' title='bbox 893 1774 1092 1871; x_wconf 81' lang='lat' dir='ltr'>Originibus</span> <span class='ocrx_word' id='word_1_61' title='bbox 1120 1777 1262 1851; x_wconf 84' lang='lat' dir='ltr'>Catonis</span> 
     </span>
     <span class='ocr_line' id='line_1_10' title="bbox 305 1884 1261 1981; baseline 0.004 -25"><span class='ocrx_word' id='word_1_62' title='bbox 305 1884 410 1980; x_wconf 86' lang='lat' dir='ltr'>petita</span> <span class='ocrx_word' id='word_1_63' title='bbox 434 1891 472 1956; x_wconf 79' lang='lat' dir='ltr'>dr</span> <span class='ocrx_word' id='word_1_64' title='bbox 500 1886 659 1976; x_wconf 82' lang='lat' dir='ltr'>Antiquis</span> <span class='ocrx_word' id='word_1_65' title='bbox 685 1888 785 1954; x_wconf 75' lang='lat' dir='ltr'>ltalia</span> <span class='ocrx_word' id='word_1_66' title='bbox 806 1891 935 1977; x_wconf 81' lang='lat' dir='ltr'>populis</span> <span class='ocrx_word' id='word_1_67' title='bbox 962 1885 1170 1981; x_wconf 82' lang='lat' dir='ltr'>fragmenta,</span> <span class='ocrx_word' id='word_1_68' title='bbox 1194 1915 1261 1961; x_wconf 86' lang='lat' dir='ltr'>una</span> 
     </span>
     <span class='ocr_line' id='line_1_11' title="bbox 304 1994 1263 2093; baseline 0.005 -26"><span class='ocrx_word' id='word_1_69' title='bbox 304 2020 384 2067; x_wconf 84' lang='lat' dir='ltr'>curn</span> <span class='ocrx_word' id='word_1_70' title='bbox 406 1994 479 2067; x_wconf 84' lang='lat' dir='ltr'>abis</span> <span class='ocrx_word' id='word_1_71' title='bbox 498 1994 629 2090; x_wconf 86' lang='lat' dir='ltr'>scriptis</span> <span class='ocrx_word' id='word_1_72' title='bbox 643 1994 769 2068; x_wconf 87' lang='lat' dir='ltr'>nullius</span> <span class='ocrx_word' id='word_1_73' title='bbox 789 1994 867 2068; x_wconf 89' lang='lat' dir='ltr'>fidei</span> <span class='ocrx_word' id='word_1_74' title='bbox 884 1997 1040 2093; x_wconf 85' lang='lat' dir='ltr'>vulgavit</span> <span class='ocrx_word' id='word_1_75' title='bbox 1053 2020 1263 2072; x_wconf 84' lang='lat' dir='ltr'>commenta·</span> 
     </span>
     <span class='ocr_line' id='line_1_12' title="bbox 306 2103 1263 2200; baseline 0.003 -23"><span class='ocrx_word' id='word_1_76' title='bbox 306 2103 432 2200; x_wconf 84' lang='lat' dir='ltr'>riisque</span> <span class='ocrx_word' id='word_1_77' title='bbox 443 2103 623 2176; x_wconf 87' lang='lat' dir='ltr'>illustravit</span> <span class='ocrx_word' id='word_1_78' title='bbox 636 2107 778 2178; x_wconf 81' lang='lat' dir='ltr'>Ioannes</span> <span class='ocrx_word' id='word_1_79' title='bbox 790 2113 924 2179; x_wconf 83' lang='lat' dir='ltr'>Annius</span> <span class='ocrx_word' id='word_1_80' title='bbox 937 2107 1153 2180; x_wconf 81' lang='lat' dir='ltr'>Viterbiensis</span> <span class='ocrx_word' id='word_1_81' title='bbox 1164 2162 1177 2196; x_wconf 90' lang='lat'><strong><em>,</em></strong></span> <span class='ocrx_word' id='word_1_82' title='bbox 1192 2110 1263 2180; x_wconf 87' lang='lat' dir='ltr'>Ro·</span> 
     </span>
     <span class='ocr_line' id='line_1_13' title="bbox 305 2211 1262 2309; baseline -0.002 -22"><span class='ocrx_word' id='word_1_83' title='bbox 305 2237 374 2287; x_wconf 66' lang='grc' dir='ltr'>ωε</span> <span class='ocrx_word' id='word_1_84' title='bbox 392 2236 484 2285; x_wconf 87' lang='lat' dir='ltr'>anno</span> <span class='ocrx_word' id='word_1_85' title='bbox 508 2214 615 2309; x_wconf 86' lang='lat'>1498,</span> <span class='ocrx_word' id='word_1_86' title='bbox 633 2211 697 2285; x_wconf 89' lang='lat' dir='ltr'><strong>fol.</strong></span> <span class='ocrx_word' id='word_1_87' title='bbox 712 2212 902 2309; x_wconf 87' lang='lat' dir='ltr'>frequenter</span> <span class='ocrx_word' id='word_1_88' title='bbox 925 2217 963 2286; x_wconf 79' lang='grc' dir='ltr'>δι</span> <span class='ocrx_word' id='word_1_89' title='bbox 987 2214 1089 2285; x_wconf 84' lang='lat' dir='ltr'>variis</span> <span class='ocrx_word' id='word_1_90' title='bbox 1109 2215 1195 2286; x_wconf 89' lang='lat' dir='ltr'>locis</span> <span class='ocrx_word' id='word_1_91' title='bbox 1221 2216 1262 2286; x_wconf 85' lang='lat' dir='ltr'>ab</span> 
     </span>
     <span class='ocr_line' id='line_1_14' title="bbox 294 2319 1265 2416; baseline 0 -25"><span class='ocrx_word' id='word_1_92' title='bbox 294 2342 355 2399; x_wconf 83' lang='lat' dir='ltr'>,eo</span> <span class='ocrx_word' id='word_1_93' title='bbox 368 2335 522 2414; x_wconf 87' lang='lat' dir='ltr'>ternpore</span> <span class='ocrx_word' id='word_1_94' title='bbox 536 2319 666 2408; x_wconf 86' lang='lat' dir='ltr'>recusa,</span> <span class='ocrx_word' id='word_1_95' title='bbox 681 2337 840 2415; x_wconf 82' lang='lat' dir='ltr'>tanquam</span> <span class='ocrx_word' id='word_1_96' title='bbox 858 2320 985 2416; x_wconf 85' lang='lat' dir='ltr'>spuria,</span> <span class='ocrx_word' id='word_1_97' title='bbox 999 2343 1202 2414; x_wconf 87' lang='lat' dir='ltr'>quamquam</span> <span class='ocrx_word' id='word_1_98' title='bbox 1218 2322 1265 2391; x_wconf 87' lang='lat' dir='ltr'>la·</span> 
     </span>
     <span class='ocr_line' id='line_1_15' title="bbox 306 2425 1265 2523; baseline -0.001 -23"><span class='ocrx_word' id='word_1_99' title='bbox 306 2425 408 2500; x_wconf 84' lang='lat' dir='ltr'>ciniis</span> <span class='ocrx_word' id='word_1_100' title='bbox 421 2426 634 2523; x_wconf 86' lang='lat' dir='ltr'>quibusdam,</span> <span class='ocrx_word' id='word_1_101' title='bbox 648 2452 731 2523; x_wconf 89' lang='lat' dir='ltr'>quas</span> <span class='ocrx_word' id='word_1_102' title='bbox 744 2452 762 2498; x_wconf 89' lang='lat' dir='ltr'>e</span> <span class='ocrx_word' id='word_1_103' title='bbox 774 2429 909 2499; x_wconf 88' lang='lat' dir='ltr'>Catone</span> <span class='ocrx_word' id='word_1_104' title='bbox 922 2427 1048 2498; x_wconf 85' lang='lat' dir='ltr'>Plinius</span> <span class='ocrx_word' id='word_1_105' title='bbox 1060 2428 1098 2500; x_wconf 78' lang='grc' dir='ltr'>δι</span> <span class='ocrx_word' id='word_1_106' title='bbox 1111 2427 1167 2498; x_wconf 86' lang='lat' dir='ltr'>alii</span> <span class='ocrx_word' id='word_1_107' title='bbox 1184 2452 1265 2520; x_wconf 87' lang='lat' dir='ltr'>pro·</span> 
     </span>
     <span class='ocr_line' id='line_1_16' title="bbox 306 2534 1265 2639; baseline 0.002 -31"><span class='ocrx_word' id='word_1_108' title='bbox 306 2534 442 2624; x_wconf 84' lang='lat' dir='ltr'>ferunt,</span> <span class='ocrx_word' id='word_1_109' title='bbox 461 2534 621 2621; x_wconf 86' lang='lat' dir='ltr'>adtextis,</span> <span class='ocrx_word' id='word_1_110' title='bbox 643 2534 796 2630; x_wconf 76' lang='lat' dir='ltr'>prasenti</span> <span class='ocrx_word' id='word_1_111' title='bbox 812 2536 894 2609; x_wconf 90' lang='lat' dir='ltr'>loco</span> <span class='ocrx_word' id='word_1_112' title='bbox 915 2536 1052 2609; x_wconf 88' lang='lat' dir='ltr'>omitto.</span> <span class='ocrx_word' id='word_1_113' title='bbox 1070 2541 1118 2608; x_wconf 89' lang='lat' dir='ltr'>lta</span> <span class='ocrx_word' id='word_1_114' title='bbox 1138 2539 1265 2639; x_wconf 64' lang='lat' dir='ltr'>disticha</span> 
     </span>
     <span class='ocr_line' id='line_1_17' title="bbox 305 2643 1265 2744; baseline 0.001 -26"><span class='ocrx_word' id='word_1_115' title='bbox 305 2648 460 2726; x_wconf 81' lang='lat' dir='ltr'>moralia,</span> <span class='ocrx_word' id='word_1_116' title='bbox 475 2668 552 2740; x_wconf 83' lang='lat' dir='ltr'>quae</span> <span class='ocrx_word' id='word_1_117' title='bbox 565 2643 623 2715; x_wconf 89' lang='lat' dir='ltr'>sub</span> <span class='ocrx_word' id='word_1_118' title='bbox 640 2645 797 2744; x_wconf 82' lang='lat' dir='ltr'>Dionyfii</span> <span class='ocrx_word' id='word_1_119' title='bbox 818 2652 947 2737; x_wconf 63' lang='lat' dir='ltr'>Catenis</span> <span class='ocrx_word' id='word_1_120' title='bbox 966 2647 1105 2720; x_wconf 88' lang='lat' dir='ltr'>nomine</span> <span class='ocrx_word' id='word_1_121' title='bbox 1119 2648 1265 2721; x_wconf 88' lang='lat' dir='ltr'>circum·</span> 
     </span>
     <span class='ocr_line' id='line_1_18' title="bbox 308 2752 1266 2853; baseline 0.004 -28"><span class='ocrx_word' id='word_1_122' title='bbox 308 2752 482 2843; x_wconf 83' lang='lat' dir='ltr'>feruntur,</span> <span class='ocrx_word' id='word_1_123' title='bbox 504 2777 606 2826; x_wconf 89' lang='lat' dir='ltr'>nemo</span> <span class='ocrx_word' id='word_1_124' title='bbox 631 2754 763 2850; x_wconf 81' lang='lat' dir='ltr'>ignorat</span> <span class='ocrx_word' id='word_1_125' title='bbox 781 2754 823 2827; x_wconf 88' lang='lat' dir='ltr'>ad</span> <span class='ocrx_word' id='word_1_126' title='bbox 842 2758 1010 2827; x_wconf 88' lang='lat' dir='ltr'>Catonem</span> <span class='ocrx_word' id='word_1_127' title='bbox 1024 2809 1035 2844; x_wconf 95' lang='lat'>,</span> <span class='ocrx_word' id='word_1_128' title='bbox 1049 2757 1091 2826; x_wconf 87' lang='lat' dir='ltr'>de</span> <span class='ocrx_word' id='word_1_129' title='bbox 1114 2781 1185 2853; x_wconf 91' lang='lat' dir='ltr'>quo</span> <span class='ocrx_word' id='word_1_130' title='bbox 1209 2762 1266 2829; x_wconf 91' lang='lat' dir='ltr'>lo-</span> 
     </span>
     <span class='ocr_line' id='line_1_19' title="bbox 308 2862 1266 2961; baseline 0.002 -26"><span class='ocrx_word' id='word_1_131' title='bbox 308 2865 443 2960; x_wconf 89' lang='lat' dir='ltr'>quimur</span> <span class='ocrx_word' id='word_1_132' title='bbox 457 2862 677 2958; x_wconf 75' lang='lat' dir='ltr'>inpraesenti,</span> <span class='ocrx_word' id='word_1_133' title='bbox 692 2865 881 2961; x_wconf 86' lang='lat' dir='ltr'>neutiquam</span> <span class='ocrx_word' id='word_1_134' title='bbox 895 2866 1079 2959; x_wconf 87' lang='lat' dir='ltr'>pertinere;</span> <span class='ocrx_word' id='word_1_135' title='bbox 1093 2889 1163 2934; x_wconf 90' lang='lat' dir='ltr'>non</span> <span class='ocrx_word' id='word_1_136' title='bbox 1177 2883 1266 2937; x_wconf 85' lang='lat' dir='ltr'>certe</span> 
     </span>
     <span class='ocr_line' id='line_1_20' title="bbox 309 2969 1266 3072; baseline -0.004 -26"><span class='ocrx_word' id='word_1_137' title='bbox 309 2974 438 3072; x_wconf 80' lang='lat' dir='ltr'>tnagis,</span> <span class='ocrx_word' id='word_1_138' title='bbox 454 2997 553 3069; x_wconf 88' lang='lat' dir='ltr'>quarn</span> <span class='ocrx_word' id='word_1_139' title='bbox 567 2977 684 3045; x_wconf 73' lang='lat' dir='ltr'>Valerii</span> <span class='ocrx_word' id='word_1_140' title='bbox 706 2977 835 3047; x_wconf 82' lang='lat' dir='ltr'>Catonis</span> <span class='ocrx_word' id='word_1_141' title='bbox 851 2979 954 3063; x_wconf 82' lang='lat' dir='ltr'>diras,</span> <span class='ocrx_word' id='word_1_142' title='bbox 967 2973 1008 3043; x_wconf 88' lang='lat' dir='ltr'>de</span> <span class='ocrx_word' id='word_1_143' title='bbox 1023 2969 1144 3068; x_wconf 84' lang='lat' dir='ltr'>quibus</span> <span class='ocrx_word' id='word_1_144' title='bbox 1158 2971 1266 3068; x_wconf 85' lang='lat' dir='ltr'>fingu-</span> 
     </span>
     <span class='ocr_line' id='line_1_21' title="bbox 309 3081 1178 3157; baseline -0.008 0"><span class='ocrx_word' id='word_1_145' title='bbox 309 3082 352 3157; x_wconf 82' lang='lat' dir='ltr'>lis</span> <span class='ocrx_word' id='word_1_146' title='bbox 379 3082 510 3156; x_wconf 88' lang='lat' dir='ltr'>dicetur</span> <span class='ocrx_word' id='word_1_147' title='bbox 523 3081 604 3155; x_wconf 90' lang='lat' dir='ltr'>loco</span> <span class='ocrx_word' id='word_1_148' title='bbox 626 3081 699 3154; x_wconf 88' lang='lat' dir='ltr'>suo.</span> <span class='ocrx_word' id='word_1_149' title='bbox 1176 3106 1178 3111; x_wconf 94' lang='lat'>·</span> 
     </span>
    </p>
   </div>
   <div class='ocr_carea' id='block_1_5' title="bbox 587 3287 994 3378">
    <p class='ocr_par' dir='ltr' id='par_1_5' title="bbox 587 3287 994 3378">
     <span class='ocr_line' id='line_1_22' title="bbox 587 3287 994 3378; baseline 0 -16"><span class='ocrx_word' id='word_1_150' title='bbox 587 3293 717 3362; x_wconf 82' lang='lat' dir='ltr'>Catonis</span> <span class='ocrx_word' id='word_1_151' title='bbox 737 3287 871 3378; x_wconf 84' lang='lat' dir='ltr'>majoris</span> <span class='ocrx_word' id='word_1_152' title='bbox 892 3289 994 3362; x_wconf 75' lang='lat' dir='ltr'>dic‘iio.</span> 
     </span>
    </p>
   </div>
   <div class='ocr_carea' id='block_1_6' title="bbox 247 3488 1273 4142">
    <p class='ocr_par' dir='ltr' id='par_1_6' title="bbox 247 3488 1273 4142">
     <span class='ocr_line' id='line_1_23' title="bbox 247 3488 1268 3583; baseline -0.014 -8"><span class='ocrx_word' id='word_1_153' title='bbox 247 3564 251 3575; x_wconf 90' lang='lat'>.</span> <span class='ocrx_word' id='word_1_154' title='bbox 289 3525 305 3557; x_wconf 65' lang='grc' dir='ltr'>ν</span> <span class='ocrx_word' id='word_1_155' title='bbox 359 3497 411 3570; x_wconf 90' lang='lat' dir='ltr'>Ut</span> <span class='ocrx_word' id='word_1_156' title='bbox 435 3493 477 3566; x_wconf 88' lang='lat' dir='ltr'>ad</span> <span class='ocrx_word' id='word_1_157' title='bbox 492 3496 659 3583; x_wconf 78' lang='lat' dir='ltr'>Catonem</span> <span class='ocrx_word' id='word_1_158' title='bbox 674 3490 876 3565; x_wconf 88' lang='lat' dir='ltr'>Censorium</span> <span class='ocrx_word' id='word_1_159' title='bbox 892 3490 1004 3562; x_wconf 89' lang='lat' dir='ltr'>noster</span> <span class='ocrx_word' id='word_1_160' title='bbox 1017 3488 1127 3562; x_wconf 85' lang='lat' dir='ltr'>redeat</span> <span class='ocrx_word' id='word_1_161' title='bbox 1141 3488 1268 3579; x_wconf 88' lang='lat' dir='ltr'>sermo,</span> 
     </span>
     <span class='ocr_line' id='line_1_24' title="bbox 312 3596 1269 3699; baseline -0.008 -21"><span class='ocrx_word' id='word_1_162' title='bbox 312 3596 481 3678; x_wconf 84' lang='lat' dir='ltr'>orationis</span> <span class='ocrx_word' id='word_1_163' title='bbox 492 3604 567 3699; x_wconf 62' lang='lat' dir='ltr'>¹‘ejus</span> <span class='ocrx_word' id='word_1_164' title='bbox 590 3605 734 3676; x_wconf 83' lang='lat' dir='ltr'>formam</span> <span class='ocrx_word' id='word_1_165' title='bbox 755 3603 800 3673; x_wconf 90' lang='lat' dir='ltr'>i&#39;ta</span> <span class='ocrx_word' id='word_1_166' title='bbox 816 3600 970 3672; x_wconf 88' lang='lat' dir='ltr'>describit</span> <span class='ocrx_word' id='word_1_167' title='bbox 988 3599 1111 3675; x_wconf 86' lang='lat' dir='ltr'>Cicero</span> <span class='ocrx_word' id='word_1_168' title='bbox 1135 3601 1168 3672; x_wconf 91' lang='lat' dir='ltr'>in</span> <span class='ocrx_word' id='word_1_169' title='bbox 1184 3603 1269 3672; x_wconf 90' lang='lat' dir='ltr'>Bru·</span> 
     </span>
     <span class='ocr_line' id='line_1_25' title="bbox 313 3709 1270 3816; baseline -0.01 -28"><span class='ocrx_word' id='word_1_170' title='bbox 313 3732 352 3789; x_wconf 82' lang='lat' dir='ltr'>to</span> <span class='ocrx_word' id='word_1_171' title='bbox 373 3742 403 3791; x_wconf 88' lang='lat' dir='ltr'>c.</span> <span class='ocrx_word' id='word_1_172' title='bbox 432 3743 495 3811; x_wconf 87' lang='lat'>17:</span> <span class='ocrx_word' id='word_1_173' title='bbox 517 3716 741 3816; x_wconf 76' lang='lat' dir='ltr'>Antiquiorest</span> <span class='ocrx_word' id='word_1_174' title='bbox 756 3715 851 3803; x_wconf 81' lang='lat' dir='ltr'>hujus</span> <span class='ocrx_word' id='word_1_175' title='bbox 862 3715 966 3807; x_wconf 83' lang='lat' dir='ltr'>sermo</span> <span class='ocrx_word' id='word_1_176' title='bbox 977 3709 1033 3800; x_wconf 65' lang='grc' dir='ltr'>,ὁ</span> <span class='ocrx_word' id='word_1_177' title='bbox 1049 3716 1185 3808; x_wconf 77' lang='lat' dir='ltr'>quadam</span> <span class='ocrx_word' id='word_1_178' title='bbox 1199 3712 1270 3778; x_wconf 81' lang='lat' dir='ltr'>hor·</span> 
     </span>
     <span class='ocr_line' id='line_1_26' title="bbox 315 3824 1269 3916; baseline -0.015 -18"><span class='ocrx_word' id='word_1_179' title='bbox 315 3828 434 3898; x_wconf 84' lang='lat' dir='ltr'>ridiora</span> <span class='ocrx_word' id='word_1_180' title='bbox 451 3832 568 3898; x_wconf 79' lang='lat' dir='ltr'>verba:</span> <span class='ocrx_word' id='word_1_181' title='bbox 589 3832 636 3897; x_wconf 88' lang='lat' dir='ltr'>ita</span> <span class='ocrx_word' id='word_1_182' title='bbox 663 3829 744 3896; x_wconf 80' lang='lat' dir='ltr'>enim</span> <span class='ocrx_word' id='word_1_183' title='bbox 770 3851 836 3894; x_wconf 82' lang='lat' dir='ltr'>tum</span> <span class='ocrx_word' id='word_1_184' title='bbox 863 3828 1070 3916; x_wconf 80' lang='lat' dir='ltr'>loquebantur.</span> <span class='ocrx_word' id='word_1_185' title='bbox 1092 3824 1133 3891; x_wconf 81' lang='lat' dir='ltr'>Id</span> <span class='ocrx_word' id='word_1_186' title='bbox 1156 3842 1269 3903; x_wconf 86' lang='lat' dir='ltr'>muta,</span> 
     </span>
     <span class='ocr_line' id='line_1_27' title="bbox 314 3923 1273 4027; baseline -0.01 -24"><span class='ocrx_word' id='word_1_187' title='bbox 314 3938 398 4027; x_wconf 85' lang='lat' dir='ltr'>quod</span> <span class='ocrx_word' id='word_1_188' title='bbox 416 3959 481 4003; x_wconf 86' lang='lat' dir='ltr'>tum</span> <span class='ocrx_word' id='word_1_189' title='bbox 503 3939 554 4006; x_wconf 73' lang='lat' dir='ltr'>ille</span> <span class='ocrx_word' id='word_1_190' title='bbox 578 3963 642 4005; x_wconf 82' lang='lat' dir='ltr'>non</span> <span class='ocrx_word' id='word_1_191' title='bbox 655 3940 779 4026; x_wconf 79' lang='lat' dir='ltr'>potuit,</span> <span class='ocrx_word' id='word_1_192' title='bbox 801 3930 930 4003; x_wconf 67' lang='lat' dir='ltr'>&amp;adde</span> <span class='ocrx_word' id='word_1_193' title='bbox 948 3954 1109 4010; x_wconf 46' lang='lat' dir='ltr'>numeros,</span> <span class='ocrx_word' id='word_1_194' title='bbox 1124 3923 1155 3995; x_wconf 69' lang='grc' dir='ltr'><em>ἂ</em></span> <span class='ocrx_word' id='word_1_195' title='bbox 1168 3932 1273 4016; x_wconf 81' lang='lat' dir='ltr'>aptior</span> 
     </span>
     <span class='ocr_line' id='line_1_28' title="bbox 306 4037 1270 4142; baseline -0.007 -28"><span class='ocrx_word' id='word_1_196' title='bbox 306 4043 353 4142; x_wconf 83' lang='lat' dir='ltr'>fir</span> <span class='ocrx_word' id='word_1_197' title='bbox 377 4047 478 4115; x_wconf 84' lang='lat' dir='ltr'>oratio</span> <span class='ocrx_word' id='word_1_198' title='bbox 490 4093 501 4131; x_wconf 90' lang='lat'><strong>,</strong></span> <span class='ocrx_word' id='word_1_199' title='bbox 527 4046 594 4139; x_wconf 78' lang='lat' dir='ltr'>ipfir</span> <span class='ocrx_word' id='word_1_200' title='bbox 618 4047 708 4119; x_wconf 74' lang='lat' dir='ltr'>verba</span> <span class='ocrx_word' id='word_1_201' title='bbox 729 4070 877 4135; x_wconf 77' lang='lat' dir='ltr'>compone</span> <span class='ocrx_word' id='word_1_202' title='bbox 900 4037 932 4111; x_wconf 62' lang='grc' dir='ltr'><strong>ὁ</strong></span> <span class='ocrx_word' id='word_1_203' title='bbox 956 4039 1045 4138; x_wconf 82' lang='lat' dir='ltr'>quast</span> <span class='ocrx_word' id='word_1_204' title='bbox 1067 4060 1270 4129; x_wconf 76' lang='lat' dir='ltr'>coagmenta,</span> 
     </span>
    </p>
   </div>
   <div class='ocr_carea' id='block_1_7' title="bbox 0 0 1766 5084">
    <p class='ocr_par' dir='ltr' id='par_1_7' title="bbox 0 0 1766 5084">
     <span class='ocr_line' id='line_1_29' title="bbox 0 0 1766 5084; baseline 0 0"><span class='ocrx_word' id='word_1_205' title='bbox 0 0 1766 5084; x_wconf 95' lang='lat' dir='ltr'> </span> 
     </span>
    </p>
   </div>
  </div>
 </body>
</html>
