3509 5084
450 575 498 642 62
599 574 649 641 M.
699 570 1040 641 PORCIUS
1090 570 1295 643 CATO

502 728 696 800 CXXXIII.
718 727 922 823 propagatio
942 710 1148 823 pomorum,
1163 749 1414 829 ceterarumque

450 838 620 911 arborum.
642 836 833 908 Arboribus
853 838 895 907 ab
910 854 998 908 terra
1020 837 1102 931 pulli
1126 838 1184 934 qui
1203 841 1271 913 nati
1289 859 1414 931 erunt,

450 969 511 1016 eos
531 944 566 1014 in
581 963 702 1016 terram
721 943 927 1040 deprimiro,
942 945 1121 1032 emollito,
1136 947 1185 1019 uti
1202 951 1348 1021 radicem
1362 976 1415 1024 ca·

450 1081 529 1150 pere
551 1055 685 1149 possint.
703 1057 801 1138 Inde,
823 1056 883 1127 ubi
905 1072 1036 1150 tempus
1058 1056 1142 1143 erit,
1158 1058 1319 1149 effodito,
1333 1060 1415 1132 seri·
1497 1062 1502 1075 '

451 1184 557 1262 toque
577 1166 674 1236 resle.
689 1166 828 1254 Ficum,
844 1165 977 1254 oleam,
993 1166 1118 1238 malum
1132 1170 1314 1258 Punicum,
1329 1174 1416 1245 mala

450 1276 620 1365 slruthea,
649 1293 822 1362 cotonea,
848 1276 980 1370 aliaque
1008 1277 1094 1349 mala
1116 1279 1257 1368 omnia,
1282 1284 1416 1355 laurum

450 1382 637 1482 Cypriam,
651 1383 853 1476 Delphicam
869 1437 879 1471 ,
892 1408 1039 1478 prunum
1052 1437 1063 1473 ,
1080 1405 1230 1481 myrtum
1246 1388 1417 1486 conjugu-

341 1565 344 1570 .
450 1495 541 1583 lum,
558 1494 597 1564 &
614 1512 765 1588 myrtum
786 1491 898 1563 album
920 1496 958 1566 &
976 1493 1130 1590 nigrum,
1147 1521 1249 1569 nuces
1276 1501 1416 1574 Avella-

450 1627 531 1687 nas,
551 1599 786 1686 Praenestinas,
808 1602 1005 1703 platanum:
1027 1604 1235 1677 haecomnia
1256 1633 1377 1702 genera
1396 1635 1416 1681 a

450 1708 613 1804 capitibus
626 1708 803 1804 propagari
818 1709 990 1804 eximique
999 1710 1040 1782 ad
1052 1712 1143 1784 hunc
1155 1715 1295 1785 modum
1308 1741 1416 1812 opor·

451 1818 545 1890 tebit.
564 1819 653 1908 Quae
669 1816 861 1912 diligentius
888 1818 950 1890 seri
973 1819 1096 1909 voles,
1115 1821 1150 1892 in
1165 1821 1325 1895 calicibus
1351 1826 1417 1898 seri

449 1945 600 2022 oportet.
620 1928 658 1996 ln
683 1926 861 1998 arboribus
883 1926 1012 2001 radices
1026 1931 1078 2000 uti
1096 1929 1255 2025 capiant,
1273 1932 1416 2008 calicem

449 2035 623 2136 pertusum
644 2035 768 2107 sumito
790 2035 875 2125 tibi,
894 2057 956 2136 aut
970 2039 1147 2134 quasillum
1162 2094 1174 2128 ,
1188 2065 1248 2137 per
1264 2067 1340 2114 eum
1361 2044 1417 2115 ra'·

449 2148 580 2221 mulum
600 2144 805 2235 transerito,
830 2172 908 2219 eum
929 2147 1103 2243 quasillum
1130 2169 1219 2223 terra
1246 2153 1415 2249 impleto,

448 2260 666 2353 calcatoque,
679 2257 715 2327 in
731 2257 887 2330 arborem
903 2259 1099 2355 relinquito
1110 2262 1181 2335 Ubi
1194 2261 1323 2335 bimum
1337 2263 1415 2349 erit,

449 2392 580 2441 ramum
599 2385 750 2480 tenerqm
766 2365 854 2440 infra
879 2368 1076 2462 praecidim,
1095 2394 1174 2443 cum
1196 2371 1339 2466 quasillo
1366 2370 1416 2442 se·

448 2482 530 2555 rito.
542 2483 594 2551 Eo
608 2480 713 2551 modo
730 2481 825 2574 quod
843 2479 896 2552 vis
911 2506 1016 2577 genus
1030 2481 1191 2554 arborum
1207 2482 1316 2554 facere
1331 2502 1413 2578 pot·

448 2591 536 2678 eris,
556 2589 607 2661 uti
628 2589 756 2662 radices
775 2589 860 2662 bene
879 2591 1031 2662 babeant.
1047 2595 1131 2662 Item
1147 2591 1253 2662 vitem
1267 2591 1302 2661 in
1326 2618 1414 2688 qua·

449 2700 558 2772 sillum
575 2718 782 2805 propagato,
795 2718 949 2792 terraque
963 2699 1049 2770 bene
1059 2698 1212 2794 operito,
1228 2724 1319 2772 armo
1336 2703 1414 2796 post

335 2830 338 2835 ’
448 2807 646 2906 praecidim,
661 2834 738 2880 cum
760 2808 865 2903 qualo
886 2805 999 2877 serito·

510 2916 707 2989 CXXXIV.
741 2913 932 3010 Priusquam
961 2911 1088 2984 messim
1116 2903 1252 3001 facies,¹
1270 2937 1412 3007 porcam

448 3026 692 3122 praecidaneam
711 3023 780 3096 hoc
794 3023 902 3095 modo
920 3019 992 3093 lieri
1007 3040 1156 3116 oportet.
1174 3022 1292 3117 Cereri
1305 3046 1411 3115 porca

448 3134 681 3232 precidanea,
700 3158 809 3228 porco
835 3132 982 3222 femina,
1005 3131 1194 3230 priusquam
1221 3131 1317 3206 hasce
1338 3132 1435 3204 fru·'

448 3270 505 3342 ges
524 3245 738 3330 condantur,
761 3240 830 3328 far,
843 3243 1016 3331 triticum,
1036 3243 1198 3332 ordeum,
1211 3243 1320 3315 fabam
1333 3297 1345 3329 ‚
1359 3243 1411 3315 se·

447 3378 526 3426 men
561 3352 745 3448 rapicium3
770 3369 867 3438 ture,
891 3353 1000 3438 vino,
1024 3354 1132 3438 lano,
1155 3354 1259 3439 Iovi,
1284 3352 1411 3426 Iunoni

448 3460 601 3560 praefato.
621 3461 815 3559 Priusquam
842 3485 984 3557 porcum
1013 3459 1170 3533 feminam
1195 3461 1411 3549 immolabis,

447 3576 533 3649 lano
555 3572 674 3645 struem
697 3594 923 3644 commovero
949 3570 993 3644 fic
1007 3598 1016 3642 τ
1030 3574 1118 3645 ‘Iane
1141 3589 1261 3666 pater,
1282 3573 1323 3642 de
1348 3572 1410 3643 hac

446 3685 535 3757 slrue
558 3682 810 3756 commovenda
835 3685 941 3753 bonas
969 3706 1085 3774 preces
1110 3707 1255 3777 precor,
1275 3683 1325 3753 uti
1348 3682 1409 3755 stes

367 3849 373 3863 .
446 3795 570 3868 volens
591 3788 760 3888 propitius
783 3790 887 3875 mihi,
904 3791 1083 3887 liberisque
1107 3795 1189 3865 meis
1204 3795 1334 3882 ,domo
1360 3792 1410 3864 sa·

446 3904 616 3998 miliaeque
630 3909 731 3974 meae.
755 3901 906 3972 serrium
933 3901 1013 3972 Iovi
1035 3897 1179 3977 moveto
1202 3905 1238 3973 δι
1263 3902 1409 3974 maslaco

444 4011 514 4088 src:
533 4013 684 4113 luppiter
701 4030 734 4087 te
755 4012 823 4091 hoc
843 4009 950 4088 ferdo
966 4011 1191 4090 obmovendo
1205 4010 1312 4086 bonas
1327 4038 1407 4111 pre·
