3509 5084
262 1328 269 1364 i

408 542 476 620 ¹54

404 704 408 709 ’
447 747 511 835 M.
549 744 893 832 centurn
933 702 1318 836 vnuuours

401 992 715 1111 RERUM
747 995 1372 1126 uusttcARUM

500 1271 608 1374 Dr
655 1270 755 1374 RE
809 1234 1260 1385 recunntn
1370 1254 1373 1267 '

527 1545 752 1617 LIBER
803 1545 1232 1624 SECUNDUS.
1334 1621 1336 1627 ,

310 2028 313 2033 ·
395 1948 517 2083 Vtut
532 2009 643 2107 magni
658 2008 761 2082 nostri
776 2006 920 2103 majures
934 2031 1007 2080 non
1025 2007 1095 2082 fine
1108 2008 1205 2083 causa
1219 2034 1363 2110 praepo⁴

394 2117 518 2188 nebant
544 2116 686 2191 rusticos
708 2117 887 2190 Romanos
908 2115 1060 2217 urbtnis.
1083 2135 1121 2189 ut
1146 2118 1216 2190 ruri
1239 2123 1361 2212 enim,

394 2226 453 2323 qui
475 2226 510 2297 in
530 2227 613 2301 vilia
628 2227 753 2301 vivunt
770 2225 988 2325 ignaviores,
1003 2249 1106 2322 quant
1130 2227 1189 2322 qui
1213 2227 1248 2300 in
1273 2255 1363 2329 agro

394 2335 572 2411 versantur
592 2337 627 2409 in
642 2338 758 2434 aliquo
777 2361 881 2432 opere
897 2333 1057 2407 faciundo
1074 2360 1085 2406 ε
1106 2334 1151 2408 fic
1169 2336 1228 2434 qui
1241 2339 1277 2408 in
1294 2362 1361 2437 op·

391 2447 476 2545 pido
493 2440 664 2535 sederent,
681 2473 781 2544 quarn
800 2444 859 2542 qui
876 2469 953 2551 rura
973 2443 1145 2535 colerent,
1158 2447 1360 2522 desrdiofio-

392 2579 445 2627 res
458 2559 630 2648 putabant.
650 2559 764 2650 ltaque
778 2579 906 2624 annum
919 2553 965 2623 ita
979 2551 1186 2642 diviserunt,
1201 2575 1238 2626 ut
1254 2559 1360 2634 nonis

392 2661 499 2733 modo
522 2660 640 2732 diebus
662 2660 806 2732 urbanas
831 2683 884 2730 res
901 2659 1119 2753 usurparent,
1137 2662 1274 2758 reliquis
1299 2687 1359 2738 vu

392 2788 430 2841 ut
456 2792 532 2843 rura
558 2769 721 2845 colerent.
745 2769 853 2862 Quod
881 2769 960 2839 dum
980 2768 1197 2841 servaverunt
1222 2772 1358 2846 institu-

390 2899 480 2970 tum,
500 2900 681 2979 utrumque
696 2881 772 2952 sunt
789 2878 984 2968 consecuti,
999 2898 1038 2952 ut
1059 2882 1096 2954 &
1109 2880 1239 2953 cultura
1251 2909 1358 2982 agros

328 3003 331 3008 ’
389 2991 658 3064 soecnndiflimos
673 2994 859 3079 haberent,
881 2991 920 3062 &
933 2989 993 3086 ipfi
1012 2980 1203 3065 valetudine
1219 2992 1356 3070 firmio·

387 3124 441 3171 res
468 3101 592 3171 effent:
615 3126 654 3171 ac
682 3125 725 3171 ne
751 3103 954 3171 Graecorum
975 3102 1102 3179 urbana
1130 3104 1355 3184 desiderarent

387 3206 584 3308 gymnasia,
602 3233 678 3305 quae
689 3233 779 3280 nunc
794 3210 855 3279 vix
869 3211 944 3282 satis
959 3211 1084 3309 fingula
1102 3212 1196 3284 sunt:
1214 3240 1279 3290 nec
1293 3245 1354 3315 pu·

388 3336 481 3405 tant,
498 3317 529 3389 se
544 3318 665 3402 habere
678 3319 814 3409 villntn',
827 3319 851 3390 fi
866 3345 938 3393 non
955 3321 1069 3394 multis
1080 3323 1257 3397 vocabulis
1270 3328 1354 3401 reti·

387 3445 490 3500 neant
513 3428 663 3520 Grecis,
685 3455 761 3515 cunt
789 3451 917 3502 vocent
934 3431 1154 3527 particulatim
1176 3435 1274 3522 loca,
1288 3475 1356 3534 προ-

388 3544 752 3631 κοιτῶνι,παλιιίστραν,
768 3543 974 3630 ἄποὲυτέριον,
995 3549 1185 3634 περίστυλον,
1205 3551 1357 3635 iperium,

275 3738 277 3743 .
324 3701 328 3713 ·
388 3663 617 3746 περιστερεῶνι,
636 3665 822 3746 tenuium.
842 3655 946 3751 Igitur
958 3657 1054 3751 quod
1069 3681 1161 3728 nunc
1174 3655 1261 3726 intra
1274 3683 1356 3728 mu·

362 3798 366 3807 »
386 3786 461 3833 runt
475 3759 545 3832 fere
559 3781 667 3856 patres
679 3750 815 3836 famitiae
830 3767 1065 3863 correpserunt
1077 3769 1201 3840 reliciis
1211 3767 1297 3841 falce
1314 3771 1355 3844 δε

386 3891 519 3961 aratt0,
542 3873 578 3945 δι
597 3898 715 3945 manus
739 3898 880 3947 movere
899 3876 1090 3950 maluerunt
1105 3877 1140 3948 in
1153 3877 1288 3948 theatro
1312 3902 1355 3950 ac

386 3978 483 4056 circo
494 4036 504 4076 ,
517 4006 617 4080 quant
634 3980 669 4058 in
682 3981 845 4083 segetibus
861 4011 901 4064 ac
919 3987 1063 4080 vinetis,
1077 3984 1286 4061 frumentum
1300 3985 1354 4058 lo·
