3509 5084
542 593 632 665 on
679 550 1219 689 nunusaicn'¹
1305 586 1427 701 ηρ

391 753 553 829 Orchites
572 752 631 826 ubi
647 750 753 847 nigrae
771 768 871 835 munt
883 753 927 824 ·&
942 708 1055 838 leco,
1073 751 1138 826 sale
1159 754 1355 832 confricato

391 867 463 938 dies
480 884 517 938 v.
533 863 645 960 postea
667 863 766 934 salem
787 859 1015 950 excutito,in
1035 861 1139 935 solem
1160 866 1285 960 ponito
1307 868 1358 941 bi·
1454 950 1460 963 ,

390 979 516 1067 duum,
532 974 586 1049 vel
601 974 669 1045 sane
686 972 760 1044 sale¹
772 973 808 1045 in
827 970 997 1045 defrutum
1018 974 1172 1048 condito.
1197 978 1303 1050 Sorba
1318 970 1356 1050 in
1462 970 1464 975 ’

392 1087 469 1182 sapa
494 1111 571 1159 cum
597 1084 651 1154 vis
674 1082 848 1168 condere,
872 1081 929 1152 vel
956 1080 1101 1174 siccare,
1123 1084 1359 1182 nidificia,
1399 1140 1402 1151 .

392 1195 473 1268 item
497 1194 575 1288 pira
585 1191 706 1264 eodem
724 1190 830 1260 modo
852 1186 966 1265 facias.

444 1304 534 1373 Vlll.
549 1302 647 1373 Ficos
661 1297 814 1374 mariscas
828 1298 861 1369 in
877 1298 959 1372 loco
974 1299 1108 1376 cretoso
1125 1303 1162 1377 &
1175 1322 1293 1402 aperto
1306 1306 1358 1381 se·

394 1411 465 1486 rito
479 1464 490 1500 ,
505 1409 696 1496 Africanas,
710 1411 747 1481 &
765 1409 988 1497 Herculanas‚
1004 1411 1202 1509 Saguntinas
1216 1471 1227 1504 ,
1243 1417 1360 1492 hiber·

395 1546 481 1610 nas,
508 1521 652 1592 Telanas
677 1537 763 1589 atras
790 1516 948 1612 pediculo
973 1519 1110 1617 longo,
1134 1546 1189 1597 eas
1213 1525 1247 1597 in
1275 1528 1360 1604 loco

395 1628 524 1717 crasso,
540 1646 596 1700 aut
610 1626 793 1700 stercorato
809 1624 919 1699 serito.
931 1627 1067 1701 Pratum
1081 1629 1105 1701 fi
1120 1628 1285 1743 irriguum
1300 1637 1361 1710 ha·
1441 1694 1447 1718 Ι

397 1742 511 1830 bebis,
524 1740 660 1813 foenum
672 1763 745 1810 non
760 1736 951 1812 deficien‘fi
968 1763 1038 1810 non
1053 1740 1136 1831 erit,
1155 1743 1302 1836 siccum,
1318 1773 1362 1822 ne

398 1850 532 1924 foenum
555 1850 678 1939 defiet,
694 1849 906 1922 summiniro.
925 1851 994 1921 Sub
1010 1851 1090 1922 urbe
1106 1852 1243 1927 hortum
1257 1882 1363 1930 omne

399 1986 524 2060 genus,
538 1979 784 2043 coronamenta
806 1982 910 2029 omne
930 1981 1055 2052 genus,
1077 1958 1200 2037 bulbos
1220 1967 1364 2063 megari-

398 2097 481 2160 cos,
494 2089 641 2143 murrum
659 2067 883 2163 conjugulum
897 2068 1059 2141 &album
1072 2071 1110 2142 δι
1126 2071 1276 2170 nigrum,
1290 2076 1365 2148 lau.

399 2208 476 2256 rum
497 2181 720 2276 Delphicam,
736 2180 774 2251 &
786 2177 995 2274 Cypricam‚
1011 2180 1048 2251 &
1066 2179 1277 2271 silvaticam,
1299 2205 1366 2258 ηιμ

402 2315 458 2366 ces
478 2291 612 2378 calvas,
625 2290 793 2361 avellanas
808 2285 1043 2374 Praenestinas,
1059 2289 1096 2360 δι
1116 2289 1275 2381 Graecas,
1290 2291 1366 2368 haec
1456 2329 1468 2347 ’

403 2397 508 2471 facito
529 2397 578 2469 uti
598 2399 760 2468 serantur.
781 2394 934 2466 Fundum
950 2394 1140 2508 urbanum?
1156 2400 1193 2471 &
1207 2401 1365 2496 quicum

399 2493 548 2583 'fundum
573 2508 681 2580 solum
705 2507 863 2594 habebit,
877 2505 923 2578 ita
938 2524 1054 2602 paret,
1067 2504 1178 2606 itaque
1193 2511 1367 2607 conserat,

378 2642 380 2649 ·
404 2617 455 2690 uti
478 2642 579 2712 quam
596 2612 853 2689 sollertiffinum
875 2615 1005 2687 habeat.

386 2806 391 2813 ,
454 2730 514 2800 IX.
537 2724 656 2797 §aliua
676 2724 762 2798 locis
783 2723 940 2821 aquosis,
966 2724 1154 2815 humeffis,
1176 2729 1370 2825 umbrosis,

407 2854 548 2934 propter
569 2861 682 2907 amnes
705 2836 751 2907 ibi
775 2835 836 2908 seri
862 2853 1012 2929 oportet.
1034 2840 1076 2906 Et
1093 2837 1129 2908 id
1152 2839 1294 2931 videto,
1318 2846 1372 2920 uti

407 2969 465 3020 aut
486 2947 628 3017 domum
646 2970 733 3041 opus
748 2945 851 3030 slent,
866 2961 925 3016 aut
942 2961 979 3016 ut
995 2943 1114 3015 venire
1125 2947 1260 3040 poffint.
1273 2951 1372 3028 Prata

408 3055 560 3153 irrigua,
583 3054 742 3152 fiaquam
769 3054 936 3141 habebis,
960 3053 1166 3152 potissimum
1192 3054 1320 3135 facito:
1346 3065 1374 3139 fi

409 3192 532 3263 aquam
562 3190 635 3238 non
660 3165 821 3256 habebis,
848 3163 934 3238 ficca
961 3166 1229 3263 quamplurima
1255 3168 1375 3253 facito.

410 3280 491 3350 Hoc
512 3274 558 3347 est
576 3275 760 3370 madium,
785 3274 900 3373 quod,
920 3273 979 3345 ubi
1002 3273 1073 3362 vis,
1095 3277 1231 3372 expedit
1252 3278 1376 3360 facero·

460 3385 507 3458 X.
525 3385 703 3485 Qlivetum
720 3385 791 3483 agri
812 3403 924 3455 ccxn.
946 3380 1111 3477 jugerum.
1134 3385 1298 3479 vilicum,
1317 3394 1375 3466 vi.
1440 3459 1444 3466 ,

411 3495 535 3584 licam,
548 3494 771 3589 operariosv.
783 3492 952 3563 bubulcos
965 3512 1020 3564 ιιι.
1035 3491 1211 3567 subulcum
1228 3519 1251 3569 ι.
1266 3503 1374 3577 afina·

413 3604 500 3677 rium
517 3626 543 3679 1.
555 3603 745 3701 opilionem
761 3623 786 3675 1.
804 3603 940 3673 Summa
955 3601 1135 3689 hominum
1156 3623 1243 3681 xm.
1265 3610 1389 3687 boves--

414 3713 548 3802 trinos,
571 3713 681 3785 asinos
701 3728 843 3782 ornatos
864 3708 1152 3810 clitellarios.,qui
1173 3715 1296 3790 stercus
1316 3745 1377 3794 ve·

415 3824 529 3908 elem,
556 3843 611 3894 111.
636 3820 763 3893 asinum
777 3844 906 3910 unum,
933 3847 1018 3894 oves
1031 3841 1063 3894 e.
1083 3824 1159 3897 vasa
1178 3827 1302 3900 olearia
1324 3831 1379 3905 in·

415 3933 535 4005 {imola
557 3931 634 4030 juga
655 3950 693 4003 V.
711 3929 874 4022 ahenum,
898 3935 993 4030 quod
1019 3934 1128 4030 capiat
1150 3937 1377 4031 quadrantalia

417 4056 515 4116 xxx.
533 4040 736 4135 operculum
754 4039 879 4130 aheni,
899 4067 1008 4119 uncos
1029 4040 1158 4116 ferreos
1180 4062 1238 4118 111.
1257 4071 1379 4130 urceos
1407 4103 1411 4109 .

487 4154 617 4246 Sotion.
631 4153 675 4228 R.
691 4155 733 4224 R.
752 4157 828 4228 Vol.
839 4155 871 4228 1.
962 4244 964 4249 Ι
1165 4188 1170 4201 ·
1200 4153 1234 4228 Β
1420 4212 1423 4219 ,
