3509 5084
391 560 454 617 ιιι
549 540 650 615 rto.
674 482 904 609 atteras
919 536 1175 609 casanat

391 674 570 792 facilitate}
591 701 648 775 vel
667 724 742 773 arca
762 700 909 773 Thomae
922 696 1075 771 Fritschii
1095 696 1129 767 in
1151 719 1186 767 re
1207 718 1346 791 parum,

389 832 427 883 ut
439 810 641 906 suspicabar,
652 811 693 883 ad
708 808 868 883 summam
885 806 1070 906 profutura.
1089 805 1244 879 Anteae
1259 829 1347 877 con·

388 918 839 1016 jettaverim,ips11eetores
859 917 1081 1015 iudicabunt,
1101 914 1223 1012 quibus
1243 913 1348 1011 inspi-

387 1028 541 1103 ciendam
561 1056 723 1120 omnem,
738 1058 815 1131 quae
829 1028 929 1104 nobis
950 1026 1119 1115 innotuit,
1134 1023 1234 1117 hujus
1257 1048 1348 1121 quo·

388 1167 457 1240 que
470 1142 599 1217 codicis
614 1142 810 1218 varietatem
829 1141 1033 1213 exhibemus.
1051 1139 1130 1209 Haec
1149 1136 1189 1207 de
1202 1135 1347 1208 Catone.

436 1254 498 1325 1V.
520 1255 569 1325 M.
585 1257 807 1328 Tauranus
832 1251 969 1319 Vareno
984 1245 1059 1333 jam
1077 1251 1260 1338 cloquentem
1285 1248 1348 1325 Sa·,

388 1361 562 1437 sernatum
583 1361 747 1434 beneficio
767 1361 1021 1453 agricolationem
1043 1360 1214 1449 expolivit,
1242 1353 1348 1452 (Col.¹

394 1470 583 1566 1‚1,12)
605 1481 679 1540 tum
701 1469 795 1565 quod
818 1467 1014 1538 methodum
1035 1465 1066 1536 ei
1089 1464 1271 1561 applicavit
1292 1464 1346 1535 di·

388 1580 576 1653 visionibus
588 1574 752 1648 subtiliter
765 1574 941 1661 institutis,
953 1596 1036 1669 quas
1053 1574 1174 1646 deinde
1191 1595 1345 1648 accurate

386 1686 585 1784 plerumque
612 1684 827 1782 persequatur
854 1681 953 1783 (vid.
976 1709 1010 1757 v.
1033 1708 1064 1781 g.
1092 1707 1222 1781 1,5‚3
1247 1686 1285 1756 &
1308 1710 1344 1774 4.

391 1824 430 1885 1,
455 1822 626 1893 37,4.2,
646 1821 751 1881 1,12.
770 1810 907 1893 3,3,r‘
922 1793 1010 1893 sqq.)
1029 1816 1099 1866 tum
1116 1795 1343 1892 quodgenere

386 1904 520 1977 dicendi
546 1904 652 1976 utitur
677 1902 834 1993 erudito,
848 1903 942 2000 quod
965 1902 1201 2000 polymathian
1215 1958 1226 1993 ,
1242 1905 1343 1976 Grae·

386 2030 461 2087 cam
486 2013 664 2112 praesertim
686 2015 915 2102 literaturam,
934 2014 1058 2111 ubique
1084 2015 1226 2109 resipiat.
1240 2016 1343 2088 Hinc

386 2129 590 2220 etymologias
614 2121 711 2220 (vid.
729 2123 877 2195 indicem
904 2126 966 2196 bac
988 2123 1106 2220 voce)
1128 2123 1264 2196 seslatur
1278 2178 1289 2213 ,
1305 2142 1343 2197 ut

385 2232 556 2304 auslorem
575 2230 738 2302 librorum
752 2232 793 2303 de
808 2231 920 2329 lingua
934 2230 1037 2302 latina
1050 2230 1149 2304 facile
1161 2233 1341 2327 agnoscas,

387 2341 617 2414 collocutores
638 2339 736 2411 etiam
756 2343 792 2412 &
810 2340 970 2433 personas
984 2340 1076 2434 quast
1097 2341 1167 2410 ludi
1183 2341 1233 2411 sui
1256 2341 1342 2413 deli·

386 2449 457 2546 git,
477 2473 619 2544 quorum
639 2447 778 2517 nomina
789 2448 830 2517 ad
850 2472 922 2531 res,
936 2449 976 2518 de
992 2448 1112 2542 quibus
1126 2447 1252 2542 agitur,
1264 2466 1343 2543 apte

386 2557 524 2628 cadant:
534 2559 698 2649 proverbia
721 2553 877 2627 admiscet
902 2554 1047 2650 pluscula
1071 2556 1167 2651 (vid.
1192 2559 1341 2631 indicem

279 2756 283 2763 Ι
385 2667 419 2740 b.
434 2662 494 2762 v.)
509 2665 738 2762 antiquitatem
751 2665 787 2737 in
800 2666 899 2738 rebus
911 2668 949 2738 &
965 2666 1094 2754 verbis,
1111 2666 1219 2764 leges,
1234 2667 1341 2741 histo·
1380 2667 1386 2681 “

385 2776 471 2863 rias,
487 2775 633 2863 fabulas,
647 2776 758 2870 paffim
774 2777 876 2848 docet
900 2776 1032 2866 obiter,
1046 2777 1226 2849 dielionem
1252 2777 1341 2852 suam

386 2886 658 2959 translationibus
676 2885 799 2981 ubique
814 2911 910 2982 paene
933 2887 1091 2958 exhilarat
1118 2884 1214 2983 (vid.
1235 2890 1340 2961 Indic.

237 2999 240 3006 “
387 2987 597 3086 Metaplzora)
619 2991 820 3088 dubiumque
837 2993 875 3063 &
888 2991 1062 3063 abstrusius
1081 2993 1214 3064 dicendi
1237 3019 1341 3090 genus

387 3096 535 3191 sequitur
547 3116 711 3191 perpetuo
732 3095 829 3194 (vid.
841 3101 1207 3200 Pleonasrnus‚Synests
1229 3102 1264 3191 in
1283 3106 1340 3173 ln·

385 3202 471 3299 dic.)
496 3204 659 3302 lntegrior
677 3206 719 3278 ad
739 3231 803 3278 nos
822 3209 978 3302 per-venit
999 3211 1150 3297 Catone,
1166 3210 1225 3282 nist
1247 3213 1342 3308 quod

386 3311 606 3405 suspicionem
629 3316 728 3387 nobis
749 3317 862 3390 movit
885 3318 981 3391 locus
1001 3347 1037 3408 ι,
1057 3345 1098 3416 5,
1118 3346 1161 3411 4,
1178 3347 1278 3419 quam
1294 3323 1341 3396 ibi

385 3417 630 3510 indicavimus,
645 3426 683 3497 &
704 3425 817 3498 versus
840 3424 941 3498 finem
966 3429 1106 3499 vulnera
1130 3431 1260 3526 aliquot
1280 3433 1340 3501 ha·

385 3530 465 3601 bete
486 3531 677 3607 insanabilia
703 3536 860 3609 videtur:
877 3537 1175 3635 deniqueaPlinio
1199 3543 1258 3628 18,
1276 3567 1341 3636 29,

236 3689 240 3698 -
386 3639 469 3736 s.7o
491 3642 646 3718 laudatur,
656 3646 821 3716 Varronis
841 3647 957 3730 locus,
971 3646 1029 3742 qui
1041 3648 1085 3718 ad
1101 3647 1255 3718 rusticam
1269 3673 1340 3720 tem

387 3750 531 3844 pertinet
552 3752 640 3823 haud
661 3753 783 3840 dubie,
798 3752 854 3823 sed
875 3753 910 3822 in
932 3753 1025 3825 libris
1048 3754 1167 3826 nolitis
1192 3779 1261 3824 non
1285 3756 1339 3827 in·

244 3846 266 3855 ⁰
387 3861 547 3933 venitur:
563 3868 663 3933 Varro
682 3859 788 3932 ausser
799 3862 1043 3963 est‚stfidiculae
1062 3863 1194 3955 occasu,
1209 3870 1294 3956 quod
1302 3869 1342 3966 est
1376 3930 1384 3939 .

290 3988 294 4001 ·
310 4043 313 4049 ,
388 3972 513 4045 initium
528 3972 686 4059 cussumni
694 4024 708 4060 ,
722 4001 785 4044 uva
793 3975 879 4066 pitia
892 3975 1075 4068 consectetur
1085 3979 1249 4048 intortus
1257 4028 1269 4066 ‚
1280 3983 1340 4048 mi·
