3509 5084
464 625 513 701 70
609 599 1311 682 taponcwscrro

464 773 568 860 gento
590 780 631 828 ex
646 755 793 834 Kalend.
814 754 1093 829 No'v.mens1um
1115 778 1155 828 x.
1173 756 1261 828 oleae
1281 755 1434 854 legendae

462 861 630 938 faciundae
651 890 798 963 quaeque
825 864 936 939 locata
958 864 1026 953 est,
1048 867 1085 938 ὃ(
1107 865 1131 936 st
1150 884 1262 938 emtor
1285 865 1436 955 locarit,

462 975 577 1049 Idibus
601 973 743 1046 solvito,
767 974 870 1045 Rede
891 975 964 1046 haec
981 972 1080 1064 dari,
1105 971 1269 1070 fierique,
1292 973 1434 1071 satisque
1464 1062 1467 1069 ι

463 1079 536 1151 dari
553 1079 716 1168 domino,
730 1101 786 1151 aur
805 1080 860 1153 cui
882 1078 1031 1173 jusserit,
1047 1080 1264 1175 promittito,
1290 1082 1436 1178 satisque

463 1188 547 1260 daro
568 1189 730 1261 arbitratu
750 1188 895 1262 domini.
911 1189 1087 1262 Dorticum
1104 1179 1249 1261 soluttitn
1271 1189 1355 1279 erit,
1375 1204 1437 1260 aut

384 1303 387 1310 ’
463 1297 512 1370 ita
531 1297 733 1376 satisdatum
755 1298 840 1386 erit,
863 1324 940 1396 quae
954 1297 990 1369 in
1009 1297 1118 1375 fundo
1133 1297 1225 1369 illata
1242 1315 1358 1396 erunt,
1379 1296 1438 1390 pi-

463 1409 561 1506 gneri
583 1408 695 1484 sunto.
722 1410 777 1480 Ne
800 1407 883 1505 quid
906 1432 1027 1480 eorum
1050 1406 1091 1478 de
1110 1402 1221 1478 fundo
1243 1402 1439 1501 deportato.¹
1477 1435 1479 1439 ·

464 1518 499 1589 Si
522 1521 605 1617 quid
631 1517 891 1614 deportaverit,
910 1517 1043 1591 domini
1066 1517 1149 1592 esto.
1167 1517 1253 1590 Vasa
1277 1517 1439 1607 torcula,

465 1624 584 1712 funes,
599 1625 721 1714 scalas,
736 1644 906 1721 traperos,
920 1627 943 1696 si
957 1626 1041 1723 quid
1055 1627 1094 1700 δι
1108 1626 1201 1698 aliud
1219 1626 1336 1697 datum¹
1352 1623 1438 1712 erit,

463 1737 560 1813 salva
576 1736 664 1810 rede
683 1733 842 1824 reddito,
856 1732 919 1806 nifi
936 1759 1014 1826 quae
1028 1735 1191 1810 vetustate
1206 1733 1308 1813 freda
1326 1751 1438 1811 erunt.

465 1845 502 1939 Si
523 1868 595 1915 non
612 1846 747 1930 reddet,
763 1868 897 1940 aequurn
920 1844 1062 1918 solvito.
1081 1846 1117 1917 Si
1132 1863 1243 1919 emtor
1265 1843 1385 1941 legulis
1398 1845 1456 1918 &2

464 1953 678 2040 sartoribus,
699 1953 759 2051 qui
781 1953 853 2029 illic
874 1979 965 2052 opus
985 1953 1154 2041 fecerint,
1175 1979 1248 2028 non
1269 1951 1452 2043 solverit,

464 2065 524 2144 cui
536 2065 607 2141 dari
618 2065 820 2160 oportebit,
839 2056 1035 2142 srdominor
1052 2066 1167 2156 volet,
1179 2063 1301 2138 solvar.
1318 2066 1439 2136 Emtor

400 2224 407 2235 ·
466 2174 614 2248 domino
632 2174 834 2264 debeto,&
851 2174 977 2254 idfatis
998 2177 1102 2268 dato,
1118 2199 1253 2275 proque
1267 2199 1306 2251 ea
1317 2197 1359 2246 re.
1372 2172 1438 2264 ita,

407 2333 409 2337 ι
465 2284 518 2359 uti
537 2303 566 2357 s.
583 2303 611 2357 5.
629 2304 661 2388 ra.
679 2283 762 2354 item
784 2283 918 2383 pigner}
937 2279 1061 2360 sunto.

484 2404 487 2409 '
517 2394 687 2494 CXLVII.
709 2386 782 2465 Hac
799 2393 873 2494 lege
889 2382 1019 2468 vinum'
1031 2395 1182 2492 pendens
1195 2393 1316 2468 venire
1332 2408 1442 2490 opor-'

466 2519 529 2585 tet.
551 2505 724 2574 Vinaceos
749 2501 893 2593 illuros,
911 2506 951 2579 δι
972 2503 1090 2582 faecem
1110 2505 1308 2602 relinquito.
1327 2506 1442 2575 Locus

465 2608 563 2685 vinis
577 2609 617 2683 ad
632 2608 777 2685 Kalend.
791 2609 918 2684 ottob.
934 2612 1060 2707 primas
1077 2606 1263 2690 dabitur.'s1
1276 2634 1348 2687 non
1363 2627 1446 2685 ante.

465 2744 510 2793 ea
522 2719 780 2814 exportaveris,
794 2720 956 2794 dominus
977 2722 1082 2813 vino,
1098 2724 1180 2822 quid
1195 2723 1312 2812 volet,
1327 2721 1443 2796 faciet.

466 2833 591 2914 Cetera
609 2820 683 2921 lex,
705 2857 782 2929 quae
803 2833 893 2907 oleae
914 2834 1087 2930 pendenti.
1364 2819 1379 2832 Ν

437 2951 441 2961 “
530 2939 717 3017 CXLVIII.
744 2942 875 3018 Vinum
903 2945 940 3018 in
964 2944 1069 3018 doliis
1091 2943 1162 3021 hoc
1184 2943 1293 3017 modo
1321 2941 1446 3018 venire

369 3052 373 3059 ’
464 3074 622 3151 oportet.
650 3055 734 3128 Vini
757 3055 793 3131 in
822 3046 956 3133 c‘ulleos
978 3056 1132 3159 fingulps
1156 3056 1380 3154 quadragenae
1404 3055 1447 3131 δι

465 3162 607 3263 dingulae
627 3192 721 3240 urnae
742 3169 939 3267 dabuntur,
951 3171 1047 3264 quod
1070 3191 1182 3264 neque
1201 3183 1318 3255 aceat,
1333 3191 1446 3264 neque

467 3292 628 3369 moreat,
647 3278 683 3355 id
702 3279 848 3377 dabitur}
868 3283 907 3389 pn
930 3277 1046 3350 triduo
1065 3275 1253 3374 proximo,
1267 3274 1337 3348 viri
1358 3274 1445 3352 boni

462 3388 654 3477 arbitratu,
669 3389 856 3488 degustato.
875 3387 912 3461 si
925 3411 1001 3463 non
1013 3385 1059 3459 ita
1077 3384 1217 3476 fecerit,
1236 3383 1356 3460 vinum
1378 3409 1445 3480 pro

469 3495 645 3593 degustato
664 3500 739 3575 erit.
757 3503 859 3594 Quot
882 3500 953 3572 dies
972 3523 1033 3595 per
1052 3489 1233 3571 dominum
1254 3516 1351 3565 mora
1368 3493 1445 3566 fue*

468 3605 536 3697 rit,
554 3635 624 3706 quo
646 3610 758 3686 minus
780 3611 900 3684 vinum
922 3609 1097 3708 degustet,
1113 3606 1258 3682 totidem
1279 3604 1349 3676 dies
1370 3625 1446 3677 enr-¹

468 3715 542 3796 tori
561 3719 759 3813 procedent.
776 3720 913 3805 ¹Vinum
934 3718 1082 3813 accipito
1108 3736 1185 3791 ante
1205 3715 1350 3793 Kalend.
1371 3706 1445 3788 dan.

468 3826 606 3931 primas.
625 3825 659 3898 Si
676 3851 749 3898 non
765 3850 843 3899 ante
864 3827 1057 3922 acceperit,
1072 3826 1231 3899 dominus
1251 3821 1369 3896 vinum
1382 3823 1445 3898 ad·¹

330 3920 333 3924 Α
358 4025 360 4029 .
468 3936 645 4020 metietur.
656 3937 765 4031 Quod
777 3936 971 4011 adprensum
983 3937 1066 4030 erit,
1079 3961 1144 4033 pro
1158 3961 1201 4009 eo
1215 3931 1375 4007 dominus
1387 3951 1447 4012 re·;

436 4150 440 4154 .
467 4043 608 4126 solvito.
630 4048 666 4123 Si
685 4036 1010 4163 emror‘pottularir,
1028 4046 1188 4125 dominus
1207 4042 1444 4145 jusjurandum
