3509 5084
236 4123 255 4188 l

488 577 536 648 9.
632 554 680 625 m.
704 546 982 618 TuuunTu
1007 544 1309 656 vinitorem

440 702 450 722 ’
488 708 669 806 regiones?
696 711 750 778 An
770 731 842 776 nun
866 710 913 778 M.
933 706 1027 776 Cato
1044 704 1157 777 scribit
1170 705 1207 778 in
1223 704 1315 781 libro·
1334 707 1458 808 Origi-

487 851 569 896 num
593 822 757 918 ficlager
777 819 928 892 Gallicus
940 820 1115 892 Romanus
1134 835 1301 910 vocatur,
1324 824 1385 916 qui
1404 825 1459 900 vi·

481 931 585 1024 nitim.
600 930 647 1004 cis
662 928 863 1001 'Ariminum
885 929 981 1001 datus
1006 927 1053 1000 est
1078 929 1165 1002 ultra
1187 956 1305 1028 agrum
1332 933 1458 1030 Picen-

485 1041 581 1113 tium.
594 1045 632 1127 ln
650 1064 694 1111 eo
707 1063 790 1135 agro
807 1035 1057 1132 aliquotsariam
1077 1038 1112 1109 iu
1126 1037 1249 1136 fingula
1264 1039 1380 1136 jugera
1395 1044 1458 1117 de·

360 1221 379 1249 x
486 1175 532 1221 na
555 1147 663 1222 cullea
686 1146 761 1217 vini
782 1143 879 1216 siunt.
900 1147 1027 1216 Nonne
1042 1146 1122 1216 item
1143 1145 1179 1217 in
1194 1171 1276 1245 agto
1294 1152 1460 1223 Faventi-

488 1285 560 1348 no,
579 1285 598 1330 a
614 1281 691 1353 ,quo
717 1253 764 1327 ibi
786 1255 981 1328 trecenario.
1002 1256 1213 1351 appellantur
1236 1259 1345 1346 vites,
1359 1260 1466 1355 quod

486 1368 640 1464 jugerum
664 1385 822 1437 trecenas.
834 1363 1013 1458 amphoras
1035 1361 1176 1438 reddat?
1202 1367 1309 1438 Simul
1335 1368 1457 1464 aspicit

487 1503 565 1563 me,
588 1476 716 1564 Certe,
736 1473 873 1568 inquit,
894 1475 933 1545 L.
954 1471 1099 1546 Martius
1120 1474 1295 1569 ptaefellus
1317 1476 1458 1553 sabriim‘

487 1605 567 1661 tuus
586 1584 622 1656 in
640 1583 745 1655 fundo
768 1584 828 1655 suo
848 1583 1019 1656 Faventia-2
1034 1582 1120 1655 hanc
1135 1585 1388 1660 multitudinem
1402 1589 1457 1661 di·

489 1696 588 1769 cebat
608 1693 680 1766 suas
703 1693 842 1766 reddere
865 1692 964 1800 vites.
984 1694 1069 1765 Duo
1097 1691 1133 1763 in
1159 1695 1277 1790 primis
1303 1697 1459 1792 spedasse

489 1804 651 1878 videntur
673 1804 780 1877 Italici
807 1805 964 1877 homines
985 1804 1161 1893 colendo,
1185 1806 1360 1900 possentne
1383 1807 1459 1883 stu·

441 1976 451 1999 ,
488 1915 561 1987 ilus
582 1939 646 2009 pto
671 1914 821 2007 impensa
843 1941 882 1988 ac
901 1915 1019 1988 labore
1035 1913 1167 2002 sedite,
1183 1918 1220 1988 &
1236 1936 1349 1989 utrum
1370 1918 1459 1995 salu·

411 2037 414 2042 '
488 2024 551 2098 ber
572 2023 670 2097 locus
688 2023 787 2110 esset,
806 2049 849 2094 an
863 2022 961 2097 non?
983 2047 1131 2120 quorum
1145 2023 1169 2094 fi
1184 2023 1381 2105 alterutrum
1398 2029 1460 2100 de·

488 2131 620 2221 collat,
638 2132 676 2205 &
699 2129 924 2205 nihilominus
940 2131 1015 2230 quis
1031 2132 1107 2208 vult
1128 2133 1262 2221 colere,
1278 2159 1391 2208 mente
1411 2135 1459 2210 est

491 2263 632 2338 captus,
657 2256 758 2340 atque
775 2242 817 2314 ad
839 2244 1036 2339 agnatos&
1057 2242 1198 2339 gentiles
1219 2243 1265 2314 ell
1285 2244 1459 2327 deducen-

491 2353 565 2427 dus.
586 2352 701 2424 Nemo
731 2353 821 2426 enim
845 2353 944 2424 sanus
973 2351 1072 2425 debet
1101 2354 1189 2427 velle
1216 2353 1400 2451 impensam
1418 2383 1460 2433 ac

489 2463 636 2537 sumtum
655 2460 762 2532 facere
777 2462 812 2530 in
827 2460 1016 2548 culturam,
1037 2461 1062 2532 si
1084 2461 1177 2535 videt
1195 2487 1267 2535 non
1287 2465 1380 2560 polle
1404 2491 1459 2541 re·

490 2570 825 2666 ficimec,s1poteu
841 2569 977 2647 reficere
991 2569 1132 2662 studius,
1149 2573 1172 2645 fi
1188 2574 1282 2646 videt
1295 2601 1355 2648 eos
1368 2577 1458 2668 sore,

491 2702 531 2755 ut
545 2681 730 2778 pestilentia
745 2681 939 2777 dispereant.
953 2683 1036 2771 Sed,
1046 2684 1186 2779 opinor,
1199 2685 1258 2781 qui
1273 2688 1344 2759 haec
1359 2713 1459 2761 com·

490 2791 628 2865 modius
643 2790 818 2863 osleudere
834 2791 981 2886 possint,
999 2792 1126 2865 adsunt.
1138 2816 1217 2885 nam
1233 2795 1273 2866 C.
1287 2794 1460 2873 Licinium

488 2902 690 2988 Stolonem,
707 2902 821 2974 &Cn
834 2889 1056 2994 Tremellium
1066 2898 1218 2973 Scrofam
1239 2901 1342 2973 video
1360 2906 1461 2979 veni·

379 3083 394 3091 ..
489 3037 551 3103 re,
572 3037 698 3100 uuum,
720 3009 815 3106 injus
836 3010 983 3105 majores
1002 3011 1043 3083 de
1057 3010 1165 3084 modo
1186 3011 1257 3110 agri
1279 3013 1385 3110 legem
1403 3034 1460 3088 tu·

490 3121 616 3192 lerunt.
639 3145 715 3191 nam
737 3119 892 3194 Stolonis
918 3120 976 3191 illa
996 3119 1078 3208 lex,
1101 3145 1186 3217 quae·
1204 3140 1296 3193 uetat
1313 3121 1398 3216 plus
1420 3143 1458 3198 n.

489 3225 607 3326 jugera
622 3229 746 3302 habete
763 3229 875 3304 civem
899 3232 942 3300 R.
954 3231 993 3302 δε
1012 3228 1073 3325 qui
1091 3251 1231 3325 propter
1250 3231 1458 3330 diligentiam

492 3341 636 3414 culturae
662 3342 845 3416 Stolonum
870 3337 1092 3417 confirmavit
1118 3365 1341 3439 cognomen,
1364 3345 1460 3443 quod

360 3542 366 3548 ,
490 3451 606 3524 nullus
627 3450 664 3522 in
686 3449 758 3546 ejus
780 3451 888 3526 sundo
908 3449 1047 3553 reperiri
1069 3471 1204 3547 poterat
1223 3452 1337 3541 stolo,
1362 3454 1459 3550 quod

491 3560 673 3656 effodiebat
694 3564 826 3634 circum
837 3563 1029 3652 arborem
1044 3563 1234 3653 radicibus,
1252 3591 1328 3661 quae
1346 3565 1461 3638 nasce·

491 3687 611 3745 rentur
632 3694 651 3741 e
671 3669 769 3758 solo,
784 3693 877 3767 quoe
895 3673 1045 3748 slolones
1059 3676 1281 3772 appellabant.
1303 3672 1460 3768 Ejusdem

492 3777 603 3882 gentis
622 3779 663 3851 C.
677 3777 847 3862 Licinius,
868 3780 1025 3856 tribunus
1052 3784 1142 3879 pleb.
1165 3809 1242 3857 cum
1268 3784 1368 3871 esset,
1385 3781 1460 3879 poll
1513 3799 1516 3806 '

492 3916 588 3991 reges
607 3893 742 3966 exactos
762 3888 858 3963 annis
883 3909 1057 3968 ccccxv.
1074 3896 1201 3992 primus
1223 3894 1396 3990 populum
1414 3893 1461 3966 'ad

478 3977 585 4106 leges
601 4004 813 4107 accipiundis
831 4003 870 4082 in
891 4003 1016 4107 septem
1027 4004 1153 4110 jugera
1172 4003 1340 4100 forensia,
1360 4031 1381 4082 e
1401 4029 1461 4083 co·
