3509 5084
566 531 1020 628 oenenust'icn
1044 541 1141 625 mn.
1166 557 1191 628 1.
1247 561 1361 653 ¹1„

448 717 564 789 LVlll.
584 715 691 797 Faba,
706 710 870 807 legumina
886 710 920 782 in
936 710 1071 786 oleariis
1092 712 1175 784 vasis
1191 711 1296 785 oblita
1310 716 1360 787 ci-

400 813 480 899 nere
501 825 616 922 perdiu
643 822 829 897 incolumia
850 821 1038 895 servantur.
1059 825 1148 895 Cato
1170 823 1234 911 ait,
1255 849 1361 897 uvam

399 935 602 1008 Aminneam
624 931 865 1022 minusculam,
883 933 922 1006 &
942 932 1125 1031 majopem,
1147 937 1184 1008 δὲ
1204 930 1360 1029 Apicia³m

398 1047 436 1119 in
461 1046 538 1118 ollis
563 1044 831 1117 commodiffime
857 1045 973 1117 condi.
998 1046 1113 1116 eadem
1140 1045 1175 1116 in
1202 1045 1294 1140 sapa,
1319 1047 1359 1118 &

397 1154 510 1227 musio
535 1154 633 1224 resle.
664 1178 746 1248 quas
776 1151 953 1246 suspendas
976 1152 1271 1248 opportunissimas
1294 1151 1362 1224 esse

397 1261 594 1341 duracium,
607 1262 645 1332 &
661 1260 862 1350 Aminneas,
876 1264 913 1334 δι
928 1261 1131 1336 Scantianaa

445 1373 535 1443 LlX.
558 1372 614 1443 De
630 1371 756 1466 potuis:
773 1371 949 1443 conditiva
971 1371 1055 1443 mala
1074 1371 1239 1459 slruthea,
1253 1388 1358 1444 coto·

396 1504 479 1569 nea,
507 1480 705 1566 Scantiana,
729 1481 958 1571 Quiriniana,
983 1481 1198 1565 orbiculata,
1221 1483 1259 1554 &
1282 1504 1359 1577 quae
1431 1568 1435 1581 ¹

396 1607 495 1660 antea
514 1589 637 1660 muslea
657 1591 849 1677 vocabant,
869 1615 962 1662 nunc
986 1590 1151 1662 melimela
1167 1589 1360 1685 appellant,

325 1698 332 1712 '
395 1701 468 1773 haec
492 1702 606 1802 omnia
623 1702 658 1772 in
682 1701 763 1773 loco
787 1702 906 1790 arido,
923 1705 959 1775 ἃ
983 1702 1106 1801 frigido
1131 1702 1227 1798 supra
1246 1698 1358 1796 paleas

392 1811 502 1906 postta
517 1810 639 1882 servari
653 1814 739 1883 recle
758 1830 888 1905 putant.
907 1813 949 1882 Et
963 1812 1040 1884 ideo
1055 1812 1282 1905 oporothecas
1295 1807 1355 1905 qui

393 1917 545 2004 faciunt,
567 1920 608 1990 ad
630 1919 822 2015 aquilonem
839 1901 875 1989 tit
898 1918 1055 1990 senellras
1075 1918 1236 2011 habeant,
1255 1935 1359 2012 atque
1387 1987 1389 1989 ,

393 2051 434 2102 ut
448 2014 494 2103 eai
510 2031 712 2127 perflentur,
726 2053 855 2104 curant.
878 2056 987 2128 neque
1011 2053 1119 2104 tamen
1137 2031 1205 2103 fine
1223 2029 1356 2102 soricu-

394 2139 532 2227 listne,
546 2165 623 2215 cum
647 2140 825 2212 humorem
850 2140 1018 2212 amiserint
1042 2139 1203 2237 pertinaci
1227 2156 1355 2225 vento,

393 2253 485 2323 vieta
504 2250 596 2324 siant.
618 2252 766 2348 ldeoque
779 2252 820 2321 in
839 2253 899 2342 iis,
916 2276 1060 2324 camaras
1076 2268 1301 2341 marmorato,
1314 2252 1354 2324 δι

350 2402 353 2409 ·
393 2360 557 2457 parieteS,
572 2359 830 2456 pavimentaque
849 2357 1105 2458 [laudabiliter]
1119 2358 1267 2446 faciunt,
1281 2381 1358 2454 quo

392 2468 546 2566 frigidius
563 2470 675 2544 fittin
691 2495 763 2567 quo
781 2470 882 2542 etiam
903 2470 1040 2566 quidam
1063 2469 1246 2542 triclinium
1270 2471 1354 2542 ster·

394 2603 474 2650 nere
489 2578 596 2651 solent
616 2581 773 2654 coenandi
794 2581 901 2655 causa.
918 2581 1051 2677 Etenim
1066 2580 1100 2652 in
1119 2581 1238 2682 quibus
1252 2581 1353 2655 luxu·

375 2686 442 2781 ‘ria
471 2688 689 2783 concesserit,
713 2711 751 2762 ut
778 2690 813 2762 in
843 2692 1065 2788 pinacothece
1090 2690 1233 2780 faciant,
1259 2690 1355 2789 quod

391 2796 611 2889 speclaculum
634 2801 730 2872 datur
751 2801 792 2871 ab
816 2812 909 2887 arte,
934 2827 996 2874 cur
1019 2825 1091 2871 non
1109 2800 1209 2896 ,quod
1234 2817 1354 2871 natura

391 2905 503 2976 datum
534 2926 671 2978 utantur
698 2909 734 2985 iu
758 2910 930 2979 'venustate
955 2909 1110 3002 disposita
1138 2930 1321 3001 pomorum
1337 2904 1400 2978 Μ

392 3011 574 3105 praesertim
587 3009 744 3105 quidem,
758 3039 833 3084 cum
852 3012 885 3083 id
900 3037 971 3084 non
987 3014 1024 3084 sit
1036 3012 1244 3101 faciendum,
1257 3017 1353 3109 quod

390 3118 527 3210 quidam
549 3118 723 3206 fecerunt,
738 3122 910 3193 utRomae
923 3141 1055 3195 coemta
1069 3145 1170 3218 poma
1185 3146 1239 3194 rus
1257 3121 1350 3193 intu·
1382 3162 1384 3167 .

391 3225 492 3299 lerint
512 3229 547 3298 in
567 3231 803 3323 opotothecen
818 3232 1045 3305 instruendam
1065 3232 1224 3306 convivii
1245 3233 1352 3306 causa.

391 3339 429 3407 ln
444 3341 658 3430 oporothece
672 3342 754 3415 mala
768 3369 903 3416 manere
917 3364 1035 3440 putant
1052 3346 1126 3418 satis
1146 3345 1327 3423 commode
1340 3324 1392 3418 :s

389 3445 445 3516 alii
465 3446 499 3516 in
521 3447 661 3536 tabulis,
686 3470 723 3521 ut
747 3451 783 3522 in
808 3476 912 3546 opere
934 3471 1165 3539 marmorato,
1191 3454 1248 3525 alii
1269 3452 1346 3525 sub·

389 3553 487 3626 litata
505 3556 615 3649 palea,
633 3558 687 3628 vel
702 3559 802 3632 etiam
819 3559 960 3634 floccis:
976 3562 1207 3634 malaPunica
1229 3560 1346 3634 demis*

389 3661 429 3734 fis
443 3664 507 3736 suis
525 3665 660 3738 surculis
674 3666 708 3738 in
723 3668 818 3741 dolio
837 3695 966 3744 arenae:
981 3673 1066 3744 mala
1079 3691 1249 3761 cotonea,
1263 3671 1346 3743 llru·

389 3773 467 3843 thea
491 3773 525 3843 in
550 3775 731 3870 pensilibus
752 3774 896 3872 junclis:
915 3787 1035 3853 contra
1056 3780 1091 3853 in
1111 3780 1185 3877 sapa
1211 3781 1349 3853 condita

389 3907 523 3957 manere
546 3887 616 3981 pita
636 3888 820 3980 Aniciana,
837 3892 874 3964 δι
889 3891 1085 3966 sementiva.
1101 3891 1196 3965 sorba
1212 3890 1346 3986 quidam

388 3986 538 4083 ainana,
552 3999 590 4071 &
609 3998 643 4071 in
658 3998 727 4073 sole
747 4021 936 4094 macerata,
947 4021 984 4075 ut
1003 4003 1075 4099 pira
1080 4056 1116 4184 k
1109 4005 1149 4076 δι
1170 4001 1268 4074 sorba
1287 4024 1347 4098 per

1143 4135 1161 4205 3
