<?xml version="1.0" encoding="UTF-8"?>
<!DOCTYPE html PUBLIC "-//W3C//DTD XHTML 1.0 Transitional//EN"
    "http://www.w3.org/TR/xhtml1/DTD/xhtml1-transitional.dtd">
<html xmlns="http://www.w3.org/1999/xhtml" xml:lang="en" lang="en">
 <head>
  <title>
</title>
<meta http-equiv="Content-Type" content="text/html;charset=utf-8" />
  <meta name='ocr-system' content='tesseract 3.04.00' />
  <meta name='ocr-capabilities' content='ocr_page ocr_carea ocr_par ocr_line ocrx_word'/>
</head>
<body>
  <div class='ocr_page' id='page_1' title='image "./scriptoresreiru02gesngoog_0125.png"; bbox 0 0 3509 5084; ppageno 0'>
   <div class='ocr_carea' id='block_1_1' title="bbox 525 559 1366 641">
    <p class='ocr_par' dir='ltr' id='par_1_1' title="bbox 525 559 1366 641">
     <span class='ocr_line' id='line_1_1' title="bbox 525 559 1366 641; baseline 0.002 -11"><span class='ocrx_word' id='word_1_1' title='bbox 525 560 612 631; x_wconf 86' lang='lat' dir='ltr'>DE</span> <span class='ocrx_word' id='word_1_2' title='bbox 646 560 685 629; x_wconf 81' lang='lat' dir='ltr'>L.</span> <span class='ocrx_word' id='word_1_3' title='bbox 719 559 1109 634; x_wconf 78' lang='lat' dir='ltr'><em>COLUMELLA.</em></span> <span class='ocrx_word' id='word_1_4' title='bbox 1213 577 1311 632; x_wconf 81' lang='lat' dir='ltr'>cxlx</span> <span class='ocrx_word' id='word_1_5' title='bbox 1361 634 1366 641; x_wconf 75' lang='grc'><em>,</em></span> 
     </span>
    </p>
   </div>
   <div class='ocr_carea' id='block_1_2' title="bbox 356 681 1313 1028">
    <p class='ocr_par' dir='ltr' id='par_1_2' title="bbox 356 681 1313 1028">
     <span class='ocr_line' id='line_1_2' title="bbox 359 681 1313 820; baseline -0.004 -32"><span class='ocrx_word' id='word_1_6' title='bbox 359 713 489 811; x_wconf 82' lang='lat' dir='ltr'>Epiro,</span> <span class='ocrx_word' id='word_1_7' title='bbox 510 740 580 820; x_wconf 88' lang='lat' dir='ltr'>non</span> <span class='ocrx_word' id='word_1_8' title='bbox 598 712 777 789; x_wconf 83' lang='lat' dir='ltr'>infeliciter</span> <span class='ocrx_word' id='word_1_9' title='bbox 798 681 927 812; x_wconf 82' lang='lat' dir='ltr'>supplet</span> <span class='ocrx_word' id='word_1_10' title='bbox 950 713 1086 812; x_wconf 82' lang='lat' dir='ltr'>Virgilii</span> <span class='ocrx_word' id='word_1_11' title='bbox 1112 711 1313 810; x_wconf 80' lang='lat' dir='ltr'>Georgica,</span> 
     </span>
     <span class='ocr_line' id='line_1_3' title="bbox 357 824 1312 921; baseline 0 -27"><span class='ocrx_word' id='word_1_12' title='bbox 357 829 475 899; x_wconf 77' lang='lat' dir='ltr'>Siderei</span> <span class='ocrx_word' id='word_1_13' title='bbox 499 831 581 898; x_wconf 77' lang='lat' dir='ltr'>ratis</span> <span class='ocrx_word' id='word_1_14' title='bbox 596 826 726 917; x_wconf 82' lang='lat' dir='ltr'>referens</span> <span class='ocrx_word' id='word_1_15' title='bbox 740 850 888 920; x_wconf 84' lang='lat' dir='ltr'>pracepea</span> <span class='ocrx_word' id='word_1_16' title='bbox 905 829 1064 898; x_wconf 84' lang='lat' dir='ltr'>Maronis.</span> <span class='ocrx_word' id='word_1_17' title='bbox 1078 824 1210 921; x_wconf 86' lang='lat' dir='ltr'>Reliqui</span> <span class='ocrx_word' id='word_1_18' title='bbox 1226 846 1312 918; x_wconf 85' lang='lat' dir='ltr'>pto-</span> 
     </span>
     <span class='ocr_line' id='line_1_4' title="bbox 356 931 1312 1028; baseline 0 -26"><span class='ocrx_word' id='word_1_19' title='bbox 356 931 388 1002; x_wconf 89' lang='lat' dir='ltr'>sa</span> <span class='ocrx_word' id='word_1_20' title='bbox 403 932 555 1005; x_wconf 83' lang='lat' dir='ltr'>oratione</span> <span class='ocrx_word' id='word_1_21' title='bbox 569 934 681 1028; x_wconf 86' lang='lat' dir='ltr'>scripti</span> <span class='ocrx_word' id='word_1_22' title='bbox 700 932 791 1021; x_wconf 90' lang='lat' dir='ltr'>sunt,</span> <span class='ocrx_word' id='word_1_23' title='bbox 807 950 984 1026; x_wconf 83' lang='lat' dir='ltr'>expetente</span> <span class='ocrx_word' id='word_1_24' title='bbox 997 933 1064 1005; x_wconf 90' lang='lat' dir='ltr'>hoc</span> <span class='ocrx_word' id='word_1_25' title='bbox 1076 931 1223 1005; x_wconf 85' lang='lat' dir='ltr'>Claudio</span> <span class='ocrx_word' id='word_1_26' title='bbox 1241 933 1312 1002; x_wconf 80' lang='lat' dir='ltr'>Au·</span> 
     </span>
    </p>
   </div>
   <div class='ocr_carea' id='block_1_3' title="bbox 354 1033 1434 1149">
    <p class='ocr_par' dir='ltr' id='par_1_3' title="bbox 354 1033 1434 1149">
     <span class='ocr_line' id='line_1_5' title="bbox 354 1033 1434 1149; baseline 0.001 -41"><span class='ocrx_word' id='word_1_27' title='bbox 354 1035 469 1132; x_wconf 84' lang='lat' dir='ltr'>guslali</span> <span class='ocrx_word' id='word_1_28' title='bbox 488 1037 719 1123; x_wconf 82' lang='lat' dir='ltr'>adolescente,</span> <span class='ocrx_word' id='word_1_29' title='bbox 734 1034 794 1130; x_wconf 90' lang='lat' dir='ltr'>qui</span> <span class='ocrx_word' id='word_1_30' title='bbox 814 1035 914 1109; x_wconf 83' lang='lat' dir='ltr'>etiam</span> <span class='ocrx_word' id='word_1_31' title='bbox 930 1037 1108 1109; x_wconf 89' lang='lat' dir='ltr'>hortorum</span> <span class='ocrx_word' id='word_1_32' title='bbox 1122 1035 1248 1108; x_wconf 90' lang='lat' dir='ltr'>cultum</span> <span class='ocrx_word' id='word_1_33' title='bbox 1269 1033 1311 1118; x_wconf 58' lang='lat' dir='ltr'>ste</span> <span class='ocrx_word' id='word_1_34' title='bbox 1432 1144 1434 1149; x_wconf 11' lang='lat' dir='ltr'>k</span> 
     </span>
    </p>
   </div>
   <div class='ocr_carea' id='block_1_4' title="bbox 347 1143 1213 1240">
    <p class='ocr_par' dir='ltr' id='par_1_4' title="bbox 347 1143 1213 1240">
     <span class='ocr_line' id='line_1_6' title="bbox 347 1143 1213 1240; baseline 0.002 -26"><span class='ocrx_word' id='word_1_35' title='bbox 347 1144 425 1215; x_wconf 91' lang='lat' dir='ltr'>mili</span> <span class='ocrx_word' id='word_1_36' title='bbox 437 1145 593 1218; x_wconf 84' lang='lat' dir='ltr'>sermone</span> <span class='ocrx_word' id='word_1_37' title='bbox 606 1144 796 1240; x_wconf 80' lang='lat' dir='ltr'>expositum</span> <span class='ocrx_word' id='word_1_38' title='bbox 808 1169 827 1217; x_wconf 87' lang='lat' dir='ltr'>a</span> <span class='ocrx_word' id='word_1_39' title='bbox 837 1144 1028 1218; x_wconf 83' lang='lat' dir='ltr'>Columella</span> <span class='ocrx_word' id='word_1_40' title='bbox 1039 1143 1213 1216; x_wconf 82' lang='lat' dir='ltr'>maluisset.</span> 
     </span>
    </p>
   </div>
   <div class='ocr_carea' id='block_1_5' title="bbox 387 1249 1452 1350">
    <p class='ocr_par' dir='ltr' id='par_1_5' title="bbox 387 1249 1452 1350">
     <span class='ocr_line' id='line_1_7' title="bbox 387 1249 1452 1350; baseline -0.004 -27"><span class='ocrx_word' id='word_1_41' title='bbox 387 1257 476 1325; x_wconf 82' lang='lat' dir='ltr'>Libri</span> <span class='ocrx_word' id='word_1_42' title='bbox 492 1260 528 1326; x_wconf 88' lang='lat' dir='ltr'>de</span> <span class='ocrx_word' id='word_1_43' title='bbox 537 1258 696 1350; x_wconf 79' lang='lat' dir='ltr'>generibus</span> <span class='ocrx_word' id='word_1_44' title='bbox 701 1255 916 1347; x_wconf 84' lang='lat' dir='ltr'>surculorum,</span> <span class='ocrx_word' id='word_1_45' title='bbox 928 1253 1016 1326; x_wconf 91' lang='lat' dir='ltr'>libro</span> <span class='ocrx_word' id='word_1_46' title='bbox 1026 1254 1062 1326; x_wconf 70' lang='grc' dir='ltr'>δε</span> <span class='ocrx_word' id='word_1_47' title='bbox 1076 1251 1184 1347; x_wconf 80' lang='lat' dir='ltr'>capite</span> <span class='ocrx_word' id='word_1_48' title='bbox 1194 1249 1318 1324; x_wconf 67' lang='lat' dir='ltr'>secutr-⁸</span> <span class='ocrx_word' id='word_1_49' title='bbox 1448 1287 1452 1293; x_wconf 92' lang='lat'>·</span> 
     </span>
    </p>
   </div>
   <div class='ocr_carea' id='block_1_6' title="bbox 271 1355 1309 1571">
    <p class='ocr_par' dir='ltr' id='par_1_6' title="bbox 271 1355 1309 1571">
     <span class='ocr_line' id='line_1_8' title="bbox 271 1355 1309 1452; baseline -0.002 -19"><span class='ocrx_word' id='word_1_50' title='bbox 271 1417 273 1421; x_wconf 84' lang='grc'><strong>-</strong></span> <span class='ocrx_word' id='word_1_51' title='bbox 352 1362 399 1435; x_wconf 92' lang='lat' dir='ltr'>do</span> <span class='ocrx_word' id='word_1_52' title='bbox 411 1355 613 1436; x_wconf 76' lang='lat' dir='ltr'>Columella</span> <span class='ocrx_word' id='word_1_53' title='bbox 628 1363 825 1452; x_wconf 88' lang='lat' dir='ltr'>memorati,</span> <span class='ocrx_word' id='word_1_54' title='bbox 838 1363 924 1435; x_wconf 86' lang='lat' dir='ltr'>haud</span> <span class='ocrx_word' id='word_1_55' title='bbox 939 1361 1062 1435; x_wconf 77' lang='lat' dir='ltr'>diversi</span> <span class='ocrx_word' id='word_1_56' title='bbox 1075 1361 1139 1434; x_wconf 86' lang='lat' dir='ltr'>esse</span> <span class='ocrx_word' id='word_1_57' title='bbox 1153 1359 1309 1434; x_wconf 89' lang='lat' dir='ltr'>videntur</span> 
     </span>
     <span class='ocr_line' id='line_1_9' title="bbox 351 1468 1308 1571; baseline -0.002 -28"><span class='ocrx_word' id='word_1_58' title='bbox 351 1474 486 1546; x_wconf 90' lang='lat' dir='ltr'>alibro</span> <span class='ocrx_word' id='word_1_59' title='bbox 509 1474 631 1561; x_wconf 92' lang='lat' dir='ltr'>tertio,</span> <span class='ocrx_word' id='word_1_60' title='bbox 653 1492 775 1571; x_wconf 89' lang='lat' dir='ltr'>quarto</span> <span class='ocrx_word' id='word_1_61' title='bbox 801 1471 983 1569; x_wconf 86' lang='lat' dir='ltr'>&amp;quinto</span> <span class='ocrx_word' id='word_1_62' title='bbox 1009 1469 1107 1565; x_wconf 81' lang='lat' dir='ltr'>hujus</span> <span class='ocrx_word' id='word_1_63' title='bbox 1139 1468 1239 1565; x_wconf 76' lang='lat' dir='ltr'>ipsius</span> <span class='ocrx_word' id='word_1_64' title='bbox 1266 1469 1308 1541; x_wconf 88' lang='lat' dir='ltr'>de</span> 
     </span>
    </p>
   </div>
   <div class='ocr_carea' id='block_1_7' title="bbox 350 1578 1491 1686">
    <p class='ocr_par' dir='ltr' id='par_1_7' title="bbox 350 1578 1491 1686">
     <span class='ocr_line' id='line_1_10' title="bbox 350 1578 1491 1686; baseline 0.002 -33"><span class='ocrx_word' id='word_1_65' title='bbox 350 1582 555 1686; x_wconf 76' lang='lat' dir='ltr'>agricultura</span> <span class='ocrx_word' id='word_1_66' title='bbox 574 1585 707 1681; x_wconf 88' lang='lat' dir='ltr'>operis,</span> <span class='ocrx_word' id='word_1_67' title='bbox 726 1609 770 1655; x_wconf 85' lang='lat' dir='ltr'>ex</span> <span class='ocrx_word' id='word_1_68' title='bbox 788 1607 863 1679; x_wconf 92' lang='lat' dir='ltr'>quo</span> <span class='ocrx_word' id='word_1_69' title='bbox 880 1580 977 1655; x_wconf 86' lang='lat' dir='ltr'>etiam</span> <span class='ocrx_word' id='word_1_70' title='bbox 999 1578 1165 1654; x_wconf 90' lang='lat' dir='ltr'>nonnulla</span> <span class='ocrx_word' id='word_1_71' title='bbox 1183 1581 1225 1651; x_wconf 88' lang='lat' dir='ltr'>ad</span> <span class='ocrx_word' id='word_1_72' title='bbox 1247 1603 1307 1650; x_wconf 90' lang='lat' dir='ltr'>ve-</span> <span class='ocrx_word' id='word_1_73' title='bbox 1442 1613 1445 1618; x_wconf 89' lang='lat'>·</span> <span class='ocrx_word' id='word_1_74' title='bbox 1467 1642 1491 1681; x_wconf 54' lang='lat'>⁸.-</span> 
     </span>
    </p>
   </div>
   <div class='ocr_carea' id='block_1_8' title="bbox 286 1690 1382 2446">
    <p class='ocr_par' dir='ltr' id='par_1_8' title="bbox 286 1690 1312 2339">
     <span class='ocr_line' id='line_1_11' title="bbox 350 1690 1307 1793; baseline -0.002 -30"><span class='ocrx_word' id='word_1_75' title='bbox 350 1694 540 1767; x_wconf 89' lang='lat' dir='ltr'>terinariam</span> <span class='ocrx_word' id='word_1_76' title='bbox 559 1693 758 1791; x_wconf 86' lang='lat' dir='ltr'>pertinentia</span> <span class='ocrx_word' id='word_1_77' title='bbox 772 1694 814 1767; x_wconf 88' lang='lat' dir='ltr'>ad</span> <span class='ocrx_word' id='word_1_78' title='bbox 833 1693 976 1793; x_wconf 85' lang='lat' dir='ltr'>verbum</span> <span class='ocrx_word' id='word_1_79' title='bbox 992 1709 1160 1764; x_wconf 87' lang='lat' dir='ltr'>mutuatus</span> <span class='ocrx_word' id='word_1_80' title='bbox 1174 1690 1220 1762; x_wconf 81' lang='lat' dir='ltr'>esi</span> <span class='ocrx_word' id='word_1_81' title='bbox 1233 1691 1307 1762; x_wconf 82' lang='lat' dir='ltr'>Ve-¹</span> 
     </span>
     <span class='ocr_line' id='line_1_12' title="bbox 347 1797 1306 1903; baseline 0 -31"><span class='ocrx_word' id='word_1_82' title='bbox 347 1802 456 1899; x_wconf 86' lang='lat' dir='ltr'>getius</span> <span class='ocrx_word' id='word_1_83' title='bbox 474 1805 510 1876; x_wconf 84' lang='lat' dir='ltr'>iri</span> <span class='ocrx_word' id='word_1_84' title='bbox 528 1804 660 1903; x_wconf 84' lang='lat' dir='ltr'>digestis</span> <span class='ocrx_word' id='word_1_85' title='bbox 680 1803 760 1876; x_wconf 85' lang='lat' dir='ltr'>artis</span> <span class='ocrx_word' id='word_1_86' title='bbox 777 1800 1067 1887; x_wconf 80' lang='lat' dir='ltr'>mulomedicinae,</span> <span class='ocrx_word' id='word_1_87' title='bbox 1078 1797 1306 1874; x_wconf 82' lang='lat' dir='ltr'>Columellam</span> 
     </span>
     <span class='ocr_line' id='line_1_13' title="bbox 349 1909 1305 2006; baseline -0.005 -25"><span class='ocrx_word' id='word_1_88' title='bbox 349 1912 586 1985; x_wconf 89' lang='lat' dir='ltr'>nominetenus</span> <span class='ocrx_word' id='word_1_89' title='bbox 605 1913 741 1984; x_wconf 86' lang='lat' dir='ltr'>laudans</span> <span class='ocrx_word' id='word_1_90' title='bbox 754 1912 789 1982; x_wconf 91' lang='lat' dir='ltr'>in</span> <span class='ocrx_word' id='word_1_91' title='bbox 809 1910 903 2006; x_wconf 83' lang='lat' dir='ltr'>praes.</span> <span class='ocrx_word' id='word_1_92' title='bbox 916 1909 967 1982; x_wconf 79' lang='lat' dir='ltr'>his</span> <span class='ocrx_word' id='word_1_93' title='bbox 985 1910 1120 1982; x_wconf 79' lang='lat' dir='ltr'>verbis:</span> <span class='ocrx_word' id='word_1_94' title='bbox 1139 1912 1221 1980; x_wconf 75' lang='lat' dir='ltr'>licet</span> <span class='ocrx_word' id='word_1_95' title='bbox 1228 1931 1305 2001; x_wconf 59' lang='lat' dir='ltr'>pro*</span> 
     </span>
     <span class='ocr_line' id='line_1_14' title="bbox 349 2014 1306 2113; baseline -0.001 -24"><span class='ocrx_word' id='word_1_96' title='bbox 349 2025 440 2091; x_wconf 88' lang='lat' dir='ltr'>xima</span> <span class='ocrx_word' id='word_1_97' title='bbox 460 2044 547 2091; x_wconf 82' lang='lat' dir='ltr'>atate</span> <span class='ocrx_word' id='word_1_98' title='bbox 571 2019 797 2113; x_wconf 70' lang='lat' dir='ltr'>&amp;Pelagonia</span> <span class='ocrx_word' id='word_1_99' title='bbox 816 2047 881 2090; x_wconf 86' lang='lat' dir='ltr'>non</span> <span class='ocrx_word' id='word_1_100' title='bbox 906 2019 1055 2112; x_wconf 75' lang='lat' dir='ltr'>defuerit,</span> <span class='ocrx_word' id='word_1_101' title='bbox 1077 2014 1109 2089; x_wconf 63' lang='lat' dir='ltr'>fr</span> <span class='ocrx_word' id='word_1_102' title='bbox 1132 2023 1306 2090; x_wconf 76' lang='lat' dir='ltr'>Columella</span> 
     </span>
     <span class='ocr_line' id='line_1_15' title="bbox 348 2123 1312 2215; baseline -0.005 -17"><span class='ocrx_word' id='word_1_103' title='bbox 348 2133 553 2200; x_wconf 72' lang='lat' dir='ltr'>abundaverit</span> <span class='ocrx_word' id='word_1_104' title='bbox 573 2126 870 2215; x_wconf 81' lang='lat' dir='ltr'>dieendifaenltat:</span> <span class='ocrx_word' id='word_1_105' title='bbox 885 2153 990 2196; x_wconf 80' lang='lat' dir='ltr'>rtrum</span> <span class='ocrx_word' id='word_1_106' title='bbox 1011 2128 1093 2196; x_wconf 83' lang='lat' dir='ltr'>alius</span> <span class='ocrx_word' id='word_1_107' title='bbox 1114 2123 1214 2196; x_wconf 77' lang='lat' dir='ltr'>eoram</span> <span class='ocrx_word' id='word_1_108' title='bbox 1234 2153 1312 2202; x_wconf 80' lang='lat' dir='ltr'>aum.</span> 
     </span>
     <span class='ocr_line' id='line_1_16' title="bbox 286 2233 1307 2339; baseline -0.01 -28"><span class='ocrx_word' id='word_1_109' title='bbox 286 2307 292 2319; x_wconf 88' lang='grc'><strong>,</strong></span> <span class='ocrx_word' id='word_1_110' title='bbox 348 2241 463 2339; x_wconf 82' lang='lat' dir='ltr'>rustica</span> <span class='ocrx_word' id='word_1_111' title='bbox 482 2241 525 2308; x_wconf 83' lang='lat' dir='ltr'>rei</span> <span class='ocrx_word' id='word_1_112' title='bbox 535 2259 686 2331; x_wconf 76' lang='lat' dir='ltr'>precepta</span> <span class='ocrx_word' id='word_1_113' title='bbox 700 2237 910 2337; x_wconf 76' lang='lat' dir='ltr'>conscriberet,</span> <span class='ocrx_word' id='word_1_114' title='bbox 929 2261 1019 2304; x_wconf 88' lang='lat' dir='ltr'>curas</span> <span class='ocrx_word' id='word_1_115' title='bbox 1039 2237 1227 2304; x_wconf 85' lang='lat' dir='ltr'>animalium</span> <span class='ocrx_word' id='word_1_116' title='bbox 1246 2233 1307 2303; x_wconf 81' lang='lat' dir='ltr'>levi</span> 
     </span>
    </p>

    <p class='ocr_par' dir='ltr' id='par_1_9' title="bbox 346 2337 1382 2446">
     <span class='ocr_line' id='line_1_17' title="bbox 346 2337 1382 2446; baseline -0.003 -32"><span class='ocrx_word' id='word_1_117' title='bbox 346 2349 561 2417; x_wconf 83' lang='lat' dir='ltr'>admonitione</span> <span class='ocrx_word' id='word_1_118' title='bbox 572 2343 769 2446; x_wconf 81' lang='lat' dir='ltr'>perstrinxit,</span> <span class='ocrx_word' id='word_1_119' title='bbox 792 2346 875 2412; x_wconf 88' lang='lat' dir='ltr'>alius</span> <span class='ocrx_word' id='word_1_120' title='bbox 896 2339 1010 2436; x_wconf 81' lang='lat' dir='ltr'>omiffls</span> <span class='ocrx_word' id='word_1_121' title='bbox 1018 2340 1127 2438; x_wconf 85' lang='lat' dir='ltr'>fignis</span> <span class='ocrx_word' id='word_1_122' title='bbox 1148 2341 1323 2438; x_wconf 60' lang='lat' dir='ltr'>caustsqrre</span> <span class='ocrx_word' id='word_1_123' title='bbox 1380 2337 1382 2342; x_wconf 40' lang='lat'><strong>¹</strong></span> 
     </span>
    </p>
   </div>
   <div class='ocr_carea' id='block_1_9' title="bbox 257 2450 1420 2552">
    <p class='ocr_par' dir='ltr' id='par_1_10' title="bbox 257 2450 1420 2552">
     <span class='ocr_line' id='line_1_18' title="bbox 257 2450 1420 2552; baseline 0 -32"><span class='ocrx_word' id='word_1_124' title='bbox 257 2473 259 2477; x_wconf 78' lang='grc'>’</span> <span class='ocrx_word' id='word_1_125' title='bbox 345 2457 539 2548; x_wconf 77' lang='lat' dir='ltr'>morborum,</span> <span class='ocrx_word' id='word_1_126' title='bbox 555 2452 645 2552; x_wconf 81' lang='lat' dir='ltr'>quast</span> <span class='ocrx_word' id='word_1_127' title='bbox 660 2455 705 2521; x_wconf 86' lang='lat' dir='ltr'>ad</span> <span class='ocrx_word' id='word_1_128' title='bbox 723 2450 907 2548; x_wconf 70' lang='lat' dir='ltr'>dossifflmos</span> <span class='ocrx_word' id='word_1_129' title='bbox 917 2451 1161 2544; x_wconf 85' lang='lat' dir='ltr'>seriberet‚tam</span> <span class='ocrx_word' id='word_1_130' title='bbox 1182 2476 1303 2549; x_wconf 78' lang='lat' dir='ltr'>magna</span> <span class='ocrx_word' id='word_1_131' title='bbox 1417 2528 1420 2533; x_wconf 19' lang='lat'>⁸</span> 
     </span>
    </p>
   </div>
   <div class='ocr_carea' id='block_1_10' title="bbox 343 2557 1317 3426">
    <p class='ocr_par' dir='ltr' id='par_1_11' title="bbox 345 2557 1301 2752">
     <span class='ocr_line' id='line_1_19' title="bbox 346 2557 1301 2658; baseline 0.006 -29"><span class='ocrx_word' id='word_1_132' title='bbox 346 2565 388 2629; x_wconf 86' lang='lat' dir='ltr'>rei</span> <span class='ocrx_word' id='word_1_133' title='bbox 394 2560 607 2654; x_wconf 80' lang='lat' dir='ltr'>fundamenta</span> <span class='ocrx_word' id='word_1_134' title='bbox 627 2562 774 2655; x_wconf 82' lang='lat' dir='ltr'>neglexit.</span> <span class='ocrx_word' id='word_1_135' title='bbox 789 2557 892 2632; x_wconf 83' lang='lat' dir='ltr'>Cous.</span> <span class='ocrx_word' id='word_1_136' title='bbox 908 2558 1050 2658; x_wconf 36' lang='lat' dir='ltr'>Hieron..</span> <span class='ocrx_word' id='word_1_137' title='bbox 1064 2558 1301 2635; x_wconf 83' lang='lat' dir='ltr'>Mercurialem</span> 
     </span>
     <span class='ocr_line' id='line_1_20' title="bbox 345 2664 736 2752; baseline 0.013 -21"><span class='ocrx_word' id='word_1_138' title='bbox 345 2665 404 2752; x_wconf 89' lang='lat' dir='ltr'>lV,</span> <span class='ocrx_word' id='word_1_139' title='bbox 425 2666 487 2752; x_wconf 84' lang='lat'>18,</span> <span class='ocrx_word' id='word_1_140' title='bbox 502 2668 581 2737; x_wconf 88' lang='lat' dir='ltr'>Var.</span> <span class='ocrx_word' id='word_1_141' title='bbox 593 2664 681 2735; x_wconf 75' lang='lat' dir='ltr'>leet.</span> <span class='ocrx_word' id='word_1_142' title='bbox 733 2747 736 2751; x_wconf 20' lang='lat'>¹</span> 
     </span>
    </p>

    <p class='ocr_par' dir='ltr' id='par_1_12' title="bbox 343 2774 1317 3426">
     <span class='ocr_line' id='line_1_21' title="bbox 394 2774 1300 2872; baseline 0.012 -29"><span class='ocrx_word' id='word_1_143' title='bbox 394 2774 569 2870; x_wconf 85' lang='lat' dir='ltr'>Menagins</span> <span class='ocrx_word' id='word_1_144' title='bbox 586 2799 659 2872; x_wconf 87' lang='lat' dir='ltr'>pag.</span> <span class='ocrx_word' id='word_1_145' title='bbox 686 2798 728 2871; x_wconf 82' lang='lat'>54</span> <span class='ocrx_word' id='word_1_146' title='bbox 753 2775 793 2847; x_wconf 92' lang='lat' dir='ltr'>ad</span> <span class='ocrx_word' id='word_1_147' title='bbox 817 2775 986 2848; x_wconf 85' lang='lat' dir='ltr'>Laertium</span> <span class='ocrx_word' id='word_1_148' title='bbox 1004 2774 1117 2848; x_wconf 90' lang='lat' dir='ltr'>laudat</span> <span class='ocrx_word' id='word_1_149' title='bbox 1136 2779 1300 2859; x_wconf 90' lang='lat' dir='ltr'>Codicem</span> 
     </span>
     <span class='ocr_line' id='line_1_22' title="bbox 346 2879 1302 2983; baseline 0.019 -31"><span class='ocrx_word' id='word_1_150' title='bbox 346 2879 416 2952; x_wconf 79' lang='lat' dir='ltr'>MS.</span> <span class='ocrx_word' id='word_1_151' title='bbox 438 2883 642 2956; x_wconf 76' lang='lat' dir='ltr'>Columella</span> <span class='ocrx_word' id='word_1_152' title='bbox 657 2884 855 2958; x_wconf 71' lang='lat' dir='ltr'>Monasierii</span> <span class='ocrx_word' id='word_1_153' title='bbox 868 2884 1102 2977; x_wconf 79' lang='lat' dir='ltr'>Corbejenfis,</span> <span class='ocrx_word' id='word_1_154' title='bbox 1118 2881 1178 2983; x_wconf 89' lang='lat' dir='ltr'>qui</span> <span class='ocrx_word' id='word_1_155' title='bbox 1198 2893 1302 2970; x_wconf 90' lang='lat' dir='ltr'>hodie</span> 
     </span>
     <span class='ocr_line' id='line_1_23' title="bbox 343 2986 1317 3098; baseline 0.022 -40"><span class='ocrx_word' id='word_1_156' title='bbox 343 2986 380 3059; x_wconf 90' lang='lat' dir='ltr'>in</span> <span class='ocrx_word' id='word_1_157' title='bbox 391 2990 598 3062; x_wconf 84' lang='lat' dir='ltr'>Bibliotheca</span> <span class='ocrx_word' id='word_1_158' title='bbox 613 2991 645 3065; x_wconf 82' lang='lat' dir='ltr'>S.</span> <span class='ocrx_word' id='word_1_159' title='bbox 660 2994 823 3064; x_wconf 87' lang='lat' dir='ltr'>Germani</span> <span class='ocrx_word' id='word_1_160' title='bbox 838 2995 879 3064; x_wconf 91' lang='lat' dir='ltr'>de</span> <span class='ocrx_word' id='word_1_161' title='bbox 892 2992 996 3065; x_wconf 87' lang='lat' dir='ltr'>Pratis</span> <span class='ocrx_word' id='word_1_162' title='bbox 1010 2993 1214 3072; x_wconf 83' lang='lat' dir='ltr'>asservatur:</span> <span class='ocrx_word' id='word_1_163' title='bbox 1228 2999 1317 3098; x_wconf 56' lang='lat' dir='ltr'>ejus*</span> 
     </span>
     <span class='ocr_line' id='line_1_24' title="bbox 343 3097 1300 3186; baseline 0.02 -18"><span class='ocrx_word' id='word_1_164' title='bbox 343 3097 504 3170; x_wconf 69' lang='lat' dir='ltr'>lesliones</span> <span class='ocrx_word' id='word_1_165' title='bbox 520 3100 554 3171; x_wconf 91' lang='lat' dir='ltr'>in</span> <span class='ocrx_word' id='word_1_166' title='bbox 572 3099 650 3172; x_wconf 88' lang='lat' dir='ltr'>edit.</span> <span class='ocrx_word' id='word_1_167' title='bbox 671 3100 813 3174; x_wconf 89' lang='lat' dir='ltr'>secunda</span> <span class='ocrx_word' id='word_1_168' title='bbox 832 3102 1049 3183; x_wconf 84' lang='lat' dir='ltr'>Rusticorum</span> <span class='ocrx_word' id='word_1_169' title='bbox 1070 3104 1300 3186; x_wconf 89' lang='lat' dir='ltr'>Gesneriano·</span> 
     </span>
     <span class='ocr_line' id='line_1_25' title="bbox 343 3206 1299 3303; baseline 0.023 -24"><span class='ocrx_word' id='word_1_170' title='bbox 343 3233 418 3279; x_wconf 83' lang='lat' dir='ltr'>rum</span> <span class='ocrx_word' id='word_1_171' title='bbox 435 3206 664 3303; x_wconf 80' lang='lat' dir='ltr'>prosecuntur.</span> <span class='ocrx_word' id='word_1_172' title='bbox 682 3210 751 3285; x_wconf 84' lang='lat' dir='ltr'>Alii</span> <span class='ocrx_word' id='word_1_173' title='bbox 763 3231 828 3285; x_wconf 90' lang='lat' dir='ltr'>tres</span> <span class='ocrx_word' id='word_1_174' title='bbox 841 3214 933 3286; x_wconf 79' lang='lat' dir='ltr'><strong>MSS.</strong></span> <span class='ocrx_word' id='word_1_175' title='bbox 946 3212 1075 3286; x_wconf 87' lang='lat' dir='ltr'>exstant</span> <span class='ocrx_word' id='word_1_176' title='bbox 1089 3215 1124 3287; x_wconf 89' lang='lat' dir='ltr'>iu</span> <span class='ocrx_word' id='word_1_177' title='bbox 1137 3217 1299 3302; x_wconf 85' lang='lat' dir='ltr'>Biblioth.</span> 
     </span>
     <span class='ocr_line' id='line_1_26' title="bbox 343 3317 1299 3426; baseline 0.018 -36"><span class='ocrx_word' id='word_1_178' title='bbox 343 3317 517 3405; x_wconf 85' lang='lat' dir='ltr'>Medicea,</span> <span class='ocrx_word' id='word_1_179' title='bbox 531 3339 669 3416; x_wconf 90' lang='lat' dir='ltr'>quartus</span> <span class='ocrx_word' id='word_1_180' title='bbox 682 3323 834 3395; x_wconf 89' lang='lat' dir='ltr'>Veneriis</span> <span class='ocrx_word' id='word_1_181' title='bbox 850 3323 886 3395; x_wconf 89' lang='lat' dir='ltr'>in</span> <span class='ocrx_word' id='word_1_182' title='bbox 902 3324 987 3395; x_wconf 88' lang='lat' dir='ltr'>Bibl.</span> <span class='ocrx_word' id='word_1_183' title='bbox 1007 3325 1039 3396; x_wconf 89' lang='lat' dir='ltr'>S.</span> <span class='ocrx_word' id='word_1_184' title='bbox 1057 3327 1183 3417; x_wconf 90' lang='lat' dir='ltr'>Marci,</span> <span class='ocrx_word' id='word_1_185' title='bbox 1197 3333 1299 3426; x_wconf 89' lang='lat' dir='ltr'>quin·</span> 
     </span>
    </p>
   </div>
   <div class='ocr_carea' id='block_1_11' title="bbox 341 3426 1347 3636">
    <p class='ocr_par' dir='ltr' id='par_1_13' title="bbox 341 3426 1347 3636">
     <span class='ocr_line' id='line_1_27' title="bbox 341 3426 1298 3537; baseline 0.017 -38"><span class='ocrx_word' id='word_1_186' title='bbox 341 3445 396 3499; x_wconf 88' lang='lat' dir='ltr'>tus</span> <span class='ocrx_word' id='word_1_187' title='bbox 417 3426 595 3500; x_wconf 78' lang='lat' dir='ltr'>Florentiae</span> <span class='ocrx_word' id='word_1_188' title='bbox 619 3430 655 3501; x_wconf 92' lang='lat' dir='ltr'>in</span> <span class='ocrx_word' id='word_1_189' title='bbox 678 3430 762 3502; x_wconf 85' lang='lat' dir='ltr'>Bibl.</span> <span class='ocrx_word' id='word_1_190' title='bbox 785 3430 1105 3526; x_wconf 86' lang='lat' dir='ltr'>Augustinianorum</span> <span class='ocrx_word' id='word_1_191' title='bbox 1132 3437 1163 3510; x_wconf 80' lang='lat' dir='ltr'>S.</span> <span class='ocrx_word' id='word_1_192' title='bbox 1189 3443 1298 3537; x_wconf 86' lang='lat' dir='ltr'>Galli,</span> 
     </span>
     <span class='ocr_line' id='line_1_28' title="bbox 342 3532 1347 3636; baseline 0.024 -32"><span class='ocrx_word' id='word_1_193' title='bbox 342 3533 464 3629; x_wconf 85' lang='lat' dir='ltr'>quibus</span> <span class='ocrx_word' id='word_1_194' title='bbox 480 3532 612 3604; x_wconf 81' lang='lat' dir='ltr'>duobus</span> <span class='ocrx_word' id='word_1_195' title='bbox 631 3534 804 3629; x_wconf 82' lang='lat' dir='ltr'>postremis</span> <span class='ocrx_word' id='word_1_196' title='bbox 822 3535 898 3608; x_wconf 88' lang='lat' dir='ltr'>usus</span> <span class='ocrx_word' id='word_1_197' title='bbox 915 3537 961 3608; x_wconf 92' lang='lat' dir='ltr'>est</span> <span class='ocrx_word' id='word_1_198' title='bbox 981 3539 1096 3612; x_wconf 83' lang='lat' dir='ltr'>Petrus</span> <span class='ocrx_word' id='word_1_199' title='bbox 1115 3543 1302 3636; x_wconf 73' lang='lat' dir='ltr'>Victorius,</span> <span class='ocrx_word' id='word_1_200' title='bbox 1343 3622 1347 3627; x_wconf 85' lang='lat'><strong><em>.</em></strong></span> 
     </span>
    </p>
   </div>
   <div class='ocr_carea' id='block_1_12' title="bbox 269 3641 1299 3743">
    <p class='ocr_par' dir='ltr' id='par_1_14' title="bbox 269 3641 1299 3743">
     <span class='ocr_line' id='line_1_29' title="bbox 269 3641 1299 3743; baseline 0.014 -29"><span class='ocrx_word' id='word_1_201' title='bbox 269 3732 272 3740; x_wconf 26' lang='grc' dir='ltr'>Ι</span> <span class='ocrx_word' id='word_1_202' title='bbox 341 3641 473 3716; x_wconf 88' lang='lat' dir='ltr'>Codice</span> <span class='ocrx_word' id='word_1_203' title='bbox 499 3645 570 3714; x_wconf 83' lang='lat' dir='ltr'>MS.</span> <span class='ocrx_word' id='word_1_204' title='bbox 590 3642 746 3738; x_wconf 70' lang='lat' dir='ltr'>lipsiensi</span> <span class='ocrx_word' id='word_1_205' title='bbox 768 3669 786 3717; x_wconf 90' lang='lat' dir='ltr'>e</span> <span class='ocrx_word' id='word_1_206' title='bbox 810 3644 970 3721; x_wconf 89' lang='lat' dir='ltr'>Biblioth.</span> <span class='ocrx_word' id='word_1_207' title='bbox 991 3649 1178 3743; x_wconf 86' lang='lat' dir='ltr'>ampliffimi</span> <span class='ocrx_word' id='word_1_208' title='bbox 1196 3656 1299 3729; x_wconf 86' lang='lat' dir='ltr'>Sena·</span> 
     </span>
    </p>
   </div>
   <div class='ocr_carea' id='block_1_13' title="bbox 343 3753 1439 3838">
    <p class='ocr_par' dir='ltr' id='par_1_15' title="bbox 343 3753 1439 3838">
     <span class='ocr_line' id='line_1_30' title="bbox 343 3753 1439 3838; baseline 0.011 -13"><span class='ocrx_word' id='word_1_209' title='bbox 343 3770 395 3825; x_wconf 85' lang='lat' dir='ltr'>tus</span> <span class='ocrx_word' id='word_1_210' title='bbox 416 3753 492 3825; x_wconf 87' lang='lat' dir='ltr'>usus</span> <span class='ocrx_word' id='word_1_211' title='bbox 516 3753 563 3825; x_wconf 88' lang='lat' dir='ltr'>est</span> <span class='ocrx_word' id='word_1_212' title='bbox 582 3755 728 3827; x_wconf 80' lang='lat' dir='ltr'>loannes</span> <span class='ocrx_word' id='word_1_213' title='bbox 755 3756 934 3828; x_wconf 90' lang='lat' dir='ltr'>Conradus</span> <span class='ocrx_word' id='word_1_214' title='bbox 957 3757 1179 3834; x_wconf 74' lang='lat' dir='ltr'>Schwarzius.</span> <span class='ocrx_word' id='word_1_215' title='bbox 1202 3766 1299 3838; x_wconf 88' lang='lat' dir='ltr'>Non·</span> <span class='ocrx_word' id='word_1_216' title='bbox 1435 3784 1439 3798; x_wconf 70' lang='grc'><strong>“</strong></span> 
     </span>
    </p>
   </div>
   <div class='ocr_carea' id='block_1_14' title="bbox 340 3861 1300 4073">
    <p class='ocr_par' dir='ltr' id='par_1_16' title="bbox 340 3861 1300 4073">
     <span class='ocr_line' id='line_1_31' title="bbox 343 3861 1299 3972; baseline 0.001 -40"><span class='ocrx_word' id='word_1_217' title='bbox 343 3862 435 3933; x_wconf 92' lang='lat' dir='ltr'>nulla</span> <span class='ocrx_word' id='word_1_218' title='bbox 450 3861 652 3935; x_wconf 84' lang='lat' dir='ltr'>Columellae</span> <span class='ocrx_word' id='word_1_219' title='bbox 668 3863 743 3936; x_wconf 91' lang='lat' dir='ltr'>loca</span> <span class='ocrx_word' id='word_1_220' title='bbox 755 3863 893 3938; x_wconf 77' lang='lat' dir='ltr'>illustrat</span> <span class='ocrx_word' id='word_1_221' title='bbox 910 3868 1063 3949; x_wconf 88' lang='lat' dir='ltr'>Barrhius</span> <span class='ocrx_word' id='word_1_222' title='bbox 1078 3869 1219 3945; x_wconf 84' lang='lat' dir='ltr'>Advers.</span> <span class='ocrx_word' id='word_1_223' title='bbox 1239 3899 1299 3972; x_wconf 63' lang='lat'>37,</span> 
     </span>
     <span class='ocr_line' id='line_1_32' title="bbox 340 3971 1300 4073; baseline -0.014 -14"><span class='ocrx_word' id='word_1_224' title='bbox 340 3994 366 4063; x_wconf 91' lang='lat'><strong>7</strong></span> <span class='ocrx_word' id='word_1_225' title='bbox 377 3993 389 4056; x_wconf 81' lang='lat'>3</span> <span class='ocrx_word' id='word_1_226' title='bbox 411 3972 447 4046; x_wconf 70' lang='grc' dir='ltr'>ὃ(</span> <span class='ocrx_word' id='word_1_227' title='bbox 474 3971 663 4047; x_wconf 88' lang='lat' dir='ltr'>Richardus</span> <span class='ocrx_word' id='word_1_228' title='bbox 686 3973 851 4073; x_wconf 89' lang='lat' dir='ltr'>Bradley,</span> <span class='ocrx_word' id='word_1_229' title='bbox 866 3976 1034 4070; x_wconf 87' lang='lat' dir='ltr'>Professor</span> <span class='ocrx_word' id='word_1_230' title='bbox 1058 3977 1237 4056; x_wconf 80' lang='lat' dir='ltr'>Botanices</span> <span class='ocrx_word' id='word_1_231' title='bbox 1260 3985 1300 4061; x_wconf 66' lang='lat' dir='ltr'>in</span> 
     </span>
    </p>
   </div>
   <div class='ocr_carea' id='block_1_15' title="bbox 1037 4081 1267 4178">
    <p class='ocr_par' dir='ltr' id='par_1_17' title="bbox 1037 4081 1267 4178">
     <span class='ocr_line' id='line_1_33' title="bbox 1037 4081 1267 4178; baseline 0.013 -24"><span class='ocrx_word' id='word_1_232' title='bbox 1037 4081 1111 4178; x_wconf 90' lang='lat' dir='ltr'>h4</span> <span class='ocrx_word' id='word_1_233' title='bbox 1252 4150 1267 4173; x_wconf 63' lang='lat'><strong>„</strong></span> 
     </span>
    </p>
   </div>
   <div class='ocr_carea' id='block_1_16' title="bbox 0 0 1760 5084">
    <p class='ocr_par' dir='ltr' id='par_1_18' title="bbox 0 0 1760 5084">
     <span class='ocr_line' id='line_1_34' title="bbox 0 0 1760 5084; baseline 0 7"><span class='ocrx_word' id='word_1_234' title='bbox 0 0 1760 5084; x_wconf 95' lang='lat' dir='ltr'> </span> 
     </span>
    </p>
   </div>
  </div>
 </body>
</html>
