3509 5084
1218 358 1236 413 l

540 566 1187 666 Dananusrrcntrnu.
1243 595 1354 698 ,ὡς
1464 681 1466 684 ,

388 747 517 846 pastum
530 741 882 844 prodeunt,.retinent
901 775 1033 848 agnos,
1047 751 1087 823 ad
1101 775 1189 848 quos
1207 775 1284 824 cum
1299 768 1359 832 re-‡

379 860 496 932 'dudae
509 863 549 932 ad
566 861 743 958 vesperum
758 918 770 951 ,
785 864 923 934 aluntur
933 864 1034 954 lacte,
1058 864 1096 938 &
1110 863 1220 938 rursus
1233 848 1361 959 discerf‘,

389 987 542 1059 nuntur,
566 995 608 1042 ne
635 974 739 1043 nodu
765 993 783 1042 a
811 972 976 1044 matribus
1002 970 1257 1046 conculcentur.
1279 974 1378 1054 Hoc,

389 1077 471 1154 item
491 1081 620 1154 faciunt
645 1106 744 1153 mane
769 1102 846 1154 ante
872 1099 971 1178 quam
992 1085 1114 1154 matres
1141 1080 1177 1153 in
1197 1077 1361 1178 pabulum

391 1211 534 1280 exeant,
552 1215 590 1262 ut
611 1190 687 1286 agni
709 1190 820 1263 satulli
849 1189 932 1263 fiant
956 1192 1215 1267 ratractetur
1244 1193 1363 1265 decent
1457 1244 1463 1259 ,

389 1300 459 1372 dies
484 1324 562 1371 cum
584 1298 837 1392 praeterierunt,
863 1300 960 1394 palos
979 1301 1148 1396 offigunt,
1176 1303 1214 1374 &
1236 1301 1279 1373 ad
1299 1325 1362 1398 eos

390 1409 530 1505 alligant
544 1407 652 1501 libro,
666 1425 723 1477 aut
737 1434 804 1504 qua
822 1408 886 1481 alia
898 1435 934 1483 re
942 1409 1015 1482 levi
1028 1410 1184 1483 distantes
1196 1466 1208 1501 ,
1227 1437 1269 1483 ne
1281 1428 1363 1483 toto

390 1516 445 1587 die
468 1515 635 1587 cursantes
651 1515 740 1586 inter
759 1516 791 1588 se
809 1518 932 1604 teneri,
948 1519 1096 1592 delibent
1109 1520 1239 1619 aliquid
1255 1547 1364 1598 meme

354 1714 356 1720 y
391 1628 544 1699 brorum.
566 1624 600 1695 si
621 1626 661 1695 ad
680 1625 795 1697 matris
813 1652 995 1700 mammam
1016 1652 1087 1700 non
1112 1629 1274 1718 accedet,
1299 1628 1364 1700 ad·-¹

392 1761 536 1812 movere
554 1752 716 1830 oportet,
736 1738 773 1807 δι
790 1736 976 1834 labraagni
992 1762 1142 1834 unguere
1157 1738 1289 1836 butyro
1305 1751 1366 1808 aut

393 1846 491 1940 adipe
512 1843 631 1931 suilla,
657 1845 696 1915 δὲ
724 1842 872 1917 olfacere
895 1845 987 1918 labra
1012 1846 1105 1920 lade.
1132 1847 1263 1919 Diebus
1285 1844 1365 1942 post
1388 1870 1394 1902 ¹
1451 1866 1474 1941 Ι·
1511 1885 1513 1889 -

391 1953 508 2052 paucis
522 1950 672 2047 objicere
691 1950 744 2029 his
759 1950 883 2030 niciam
896 1953 1049 2024 molitam
1062 2007 1074 2041 ,
1087 1973 1144 2024 aut
1160 1953 1297 2024 herbam
1313 1975 1364 2023 te·

394 2084 532 2148 neram,
546 2070 721 2154 antequam
743 2077 871 2129 exeunt
890 2058 1039 2155 pastum,
1056 2062 1095 2133 &
1116 2085 1193 2132 cum
1209 2075 1366 2136 reverte-1

394 2171 550 2244 runt.'Et
571 2167 874 2256 sic'nutricanrur,
898 2171 1012 2270 quoad
1034 2169 1206 2246 factitant
1227 2156 1366 2267 quadri⁴v

394 2281 542 2356 mestres.
562 2280 690 2354 interea
711 2282 832 2353 matres¹
851 2305 969 2353 eorum
992 2279 1042 2352 his
1058 2279 1268 2377 temporibus
1289 2301 1363 2350 non

392 2391 546 2488 mulgent
564 2389 720 2486 quidam,
738 2389 796 2487 qui
808 2408 846 2461 ut
859 2388 999 2479 meliuS,
1013 2390 1159 2463 omnino
1172 2405 1364 2485 perpetuo,

394 2501 492 2599 quod
513 2504 551 2574 ὃ(
569 2500 655 2572 lanae
676 2500 752 2597 plus
776 2499 915 2588 serunt,
938 2501 977 2572 δι
1001 2502 1105 2597 agnos
1128 2499 1251 2595 plures..
1265 2499 1366 2568 vCum
1413 2521 1415 2525 ·

395 2611 523 2709 depulsi
544 2610 620 2682 sunt
640 2610 718 2707 agni
741 2636 760 2682 a
781 2608 963 2698 matribus,
981 2608 1155 2707 diligentia
1174 2606 1368 2681 adhibenda

394 2725 467 2808 est,
492 2746 534 2793 ne
553 2719 716 2819 desiderio
740 2719 1054 2821 senescantritaque
1077 2719 1309 2806 deliniendum
1327 2715 1366 2789 in
1446 2762 1448 2767 -
1478 2802 1480 2807 Ι

393 2833 566 2906 nutricatu
586 2822 700 2928 pabuli
717 2835 892 2905 bonitate:
914 2834 953 2904 δι
977 2859 997 2902 a
1015 2829 1201 2928 frigore&
1219 2829 1297 2900 aestu
1321 2853 1366 2900 ne

395 2943 479 3038 quid
499 2941 682 3023 laborent,
703 2942 903 3013 curandum.
917 2940 1007 3008 Cum
1029 2936 1209 3008 oblivione
1228 2935 1296 3031 jam
1320 2935 1367 3007 la·

396 3052 456 3122 elis
475 3075 547 3119 non
562 3048 749 3121 desiderant
762 3064 930 3136 matrem,
952 3065 1023 3120 tum
1042 3045 1188 3144 denique
1211 3045 1369 3141 compel·'

397 3158 534 3230 lendum
550 3157 584 3227 in
600 3181 742 3254 gregem
756 3155 888 3230 ouium.
909 3155 1061 3228 Castrare
1081 3148 1222 3251 oportet
1242 3177 1369 3250 agnum

397 3293 469 3358 non
491 3268 658 3341 minorem
678 3267 829 3366 quinque
852 3266 1039 3354 mentium,
1060 3289 1171 3364 neque
1188 3281 1379 3360 antequam⁴

399 3377 531 3451 calores
550 3401 607 3449 aut
622 3378 747 3476 frigora
764 3378 796 3450 se
816 3374 1001 3474 fregerunt.
1023 3377 1124 3466 Quos
1144 3373 1265 3444 arietes
1287 3370 1369 3442 subz

397 3485 531 3560 mittere
556 3487 706 3578 volunt,
728 3485 933 3583 potiffimum
958 3481 1087 3580 eligunt
1112 3507 1153 3554 ex
1177 3479 1368 3570 matribus,

398 3621 482 3693 quae
496 3594 650 3691 geminos
670 3620 785 3692 parere
806 3593 927 3665 solent.
954 3592 1116 3691 Pleraque
1146 3592 1294 3665 (imiliter
1314 3591 1370 3662 fa·

398 3707 558 3780 ciendum
584 3706 619 3778 in
644 3706 771 3779 ovibus
786 3704 934 3801 pellitis,
952 3728 1028 3800 quae
1049 3721 1189 3800 propter
1201 3702 1287 3775 lanae
1301 3702 1370 3772 bo-

400 3816 561 3908 nitatem,
581 3836 621 3911 ut
639 3816 716 3891 sunt
733 3814 929 3889 Tarentinae
943 3816 981 3887 &
995 3813 1142 3903 Atticae,
1159 3811 1302 3909 pellibus
1316 3800 1384 3881 in·''
1478 3886 1483 3899 ‚

401 3943 583 4021 teguntur,
597 3951 639 4000 ne
658 3926 734 3998 lana
749 3924 965 4022 inquinetur,
978 3917 1048 4020 quo
1070 3923 1180 3995 minus
1198 3920 1255 3992 rel
1274 3916 1368 3993 infici

400 4037 489 4109 rede
510 4037 633 4135 poffit,
653 4036 712 4117 vel
729 4035 855 4130 lavari,
868 4059 908 4112 ac
921 4034 1049 4134 parari.
1066 4034 1194 4107 Harum
1208 4028 1369 4144 presepia
