3509 5084
411 559 477 660 198
554 563 605 636 nn.
631 561 912 634 Terentii
940 561 1238 637 varronis

409 746 560 799 mentum
583 726 713 800 servare
740 726 887 822 possunt.
915 728 972 800 De
998 712 1171 800 nutricatu
1194 727 1266 800 hoc
1281 698 1394 820 dico','

410 836 536 907 easdem
559 835 629 908 fere
645 841 682 912 δι
706 838 877 922 nutrices,
892 837 930 910 dc
952 837 1393 926 manumulierum,

410 948 507 1019 simul
527 949 644 1042 aspicit
663 949 789 1039 adme,
804 950 924 1037 &‚Ut
942 968 976 1021 te
990 947 1079 1021 audii
1093 948 1227 1034 dicere,
1244 946 1364 1042 inquit
1374 1001 1394 1035 ,

411 1062 487 1128 clun
511 1057 545 1127 in
569 1057 769 1130 Liburniam
783 1057 953 1146 venisses,
965 1075 999 1129 te
1014 1056 1132 1131 vidille
1147 1075 1267 1128 matres
1281 1055 1395 1129 fami-

346 1248 351 1261 ι
410 1165 470 1238 lias
487 1190 608 1239 eorum
629 1166 745 1238 afferre
762 1160 872 1262 ligna,
887 1167 925 1238 δι
942 1164 1038 1238 simul
1052 1190 1197 1261 pueros,
1209 1189 1303 1261 quos
1315 1163 1394 1236 ale-

410 1300 506 1365 rent,
529 1280 608 1352 alias
627 1277 794 1405 lingnlos3
813 1278 895 1352 alias
918 1279 1021 1353 binos
1033 1303 1144 1375 ,quae
1166 1277 1393 1350 ostenderent

411 1387 513 1462 foetas
529 1390 676 1476 nollras,
690 1417 767 1487 quae
780 1390 815 1462 in
830 1391 1001 1486 conopeis
1014 1388 1126 1482 jacent
1144 1388 1215 1460 dies
1227 1387 1396 1485 aliquot,

412 1470 742 1584 effe*levuncidas‚
757 1525 796 1572 ac
812 1497 1392 1594 contemnendas,Cuiego,Certe

413 1613 560 1701 inquam:
578 1634 652 1681 nam
672 1607 709 1678 in
726 1606 869 1707 Illyrico
891 1608 971 1680 hoc.
975 1606 1140 1703 amplius,
1153 1622 1396 1703 praegnantem

327 1796 335 1807 ‚
412 1716 517 1811 saepe,
541 1741 618 1788 cum
644 1715 742 1787 venit
767 1714 918 1810 pariendi
943 1732 1096 1812 tempus,
1115 1738 1189 1786 non
1214 1715 1321 1811 longe
1347 1715 1393 1787 ab

387 1854 392 1862 ’
413 1849 519 1920 opere
547 1818 734 1914 discedere,
759 1823 876 1921 ibique
902 1823 1038 1897 enixam
1065 1848 1210 1922 puerum
1234 1822 1393 1913 referre,

413 1961 515 2033 quem
539 1961 610 2007 non
636 1933 817 2032 peperiffe,
831 1935 887 2007 sed
907 1934 1071 2009 invenilse
1095 1955 1203 2033 putes.
1227 1959 1294 2009 nec
1318 1960 1394 2009 non

412 2049 515 2122 eriam
539 2049 626 2138 hoc,
646 2055 733 2145 ‚qu'as
757 2047 908 2146 virgines
933 2047 981 2119 ibi
1006 2048 1197 2144 appellant,
1222 2071 1394 2119 nonnun-

413 2184 516 2254 quam
537 2185 705 2235 annorum
720 2179 777 2230 xx
790 2211 802 2247 ,
815 2159 941 2255 quibus
956 2182 1030 2231 mos
1045 2182 1167 2230 eorum
1188 2181 1262 2230 non
1285 2157 1395 2230 dene·

412 2267 527 2365 gavit,
541 2290 617 2340 anre
632 2268 768 2364 nuptias
784 2286 820 2340 ut
834 2267 1092 2340 succumberent
1104 2267 1231 2364 quibus
1245 2266 1395 2359 vellent,

414 2376 485 2451 δι
476 2378 686 2451 incomitatis
714 2399 751 2451 ut
775 2378 892 2477 vagari
916 2376 1052 2466 liceret,
1076 2381 1114 2452 dc
1139 2375 1230 2450 lilios
1256 2378 1395 2453 habere.

414 2488 504 2578 Quae
518 2489 560 2560 ad
577 2471 807 2561 valetudinem
827 2487 999 2584 pertinent
1019 2487 1217 2576 hominum,
1231 2488 1396 2584 adpeco·

354 2603 360 2617 ”
411 2595 482 2684 ris,
502 2615 541 2669 ut
562 2597 629 2667 fine
647 2597 782 2671 medlco
804 2622 914 2671 curari
905 2597 1077 2692 poffint
1090 2596 1288 2692 magistrum
1311 2596 1396 2671 scri·

413 2723 472 2800 pta
488 2706 773 2803 babereoportet.
795 2710 824 2778 ls
841 2707 932 2778 enim
949 2706 1017 2778 sine
1032 2706 1136 2778 literis
1153 2707 1302 2779 idoneus
1321 2731 1396 2780 non

414 2814 480 2898 est,
498 2817 592 2910 quod
620 2815 769 2889 rationes
797 2817 986 2888 dominicas
1013 2817 1187 2914 pecuarias
1215 2815 1397 2892 conficere

414 2929 647 3027 nequidquam
666 2929 753 3005 rede
770 2928 887 3026 potest.
908 2929 966 3001 De
981 2955 1126 3001 numero
1145 2929 1325 3025 pallorum
1339 2930 1396 3005 alii

416 3039 604 3136 angustius,
614 3038 670 3109 alii
682 3038 791 3111 laxius
802 3038 1009 3111 constituere
1023 3038 1142 3112 solent.
1155 3041 1231 3136 Ego
1245 3039 1282 3112 in
1297 3042 1396 3115 ollo-
1427 3073 1430 3079 ·

413 3173 515 3245 genas
528 3147 639 3219 ‚hirtas
658 3149 914 3247 oves'sin'gulos
928 3149 1076 3245 pastores
1100 3149 1287 3241 constitui,
1305 3151 1397 3226 Atti·
1431 3216 1433 3219 .

409 3259 720 3344 cusincentenan
744 3262 782 3329 ln
810 3259 967 3356 gregibus
994 3261 1135 3351 oyium,
1158 3258 1214 3331 sed
1237 3264 1397 3361 magnis,

414 3394 504 3469 quos
525 3368 701 3442 milliarios
721 3367 853 3443 faciunt
872 3369 1030 3465 quidam,
1046 3369 1179 3444 facilius
1200 3370 1242 3444 de
1264 3371 1398 3446 summa

413 3481 594 3554 hominum
620 3481 795 3571 detrahere
819 3480 1397 3587 possunt,quamde'minoribus‚

302 3647 308 3659 .
415 3613 454 3666 ut
475 3592 550 3666 sunt
566 3595 604 3667 &
626 3593 753 3682 Attici,
768 3597 808 3666 &
824 3592 901 3666 mei.
923 3592 1169 3691 Septingenarii
1188 3593 1283 3666 enim
1306 3597 1397 3675 mei:

416 3726 476 3795 ru,
499 3705 647 3801 opinor,
665 3692 916 3801 odingeirarios
937 3704 1089 3776 habuisti.
1114 3730 1177 3777 nec
1190 3724 1308 3777 tamen
1322 3732 1398 3780 non

412 3835 454 3920 'ut
477 3841 541 3888 nos
564 3815 707 3888 arietum
723 3814 886 3886 decimam
908 3835 1049 3909 partem.
1065 3816 1118 3885 Ad
1137 3839 1304 3911 equarum
1318 3843 1398 3914 gre·

415 3950 490 4021 gem
514 3923 842 4022 quinquagenarium
868 3921 940 3993 bini
964 3923 1130 3996 homines.
1153 3923 1275 4021 utique
1297 3945 1397 3999 uter·

317 4120 321 4124 ⁵
411 4057 483 4133 que
511 4036 636 4110 horum
660 4053 697 4110 ut
718 4031 831 4113 secum
852 4032 971 4146 babeat
988 4059 1090 4133 equas
1113 4031 1262 4109 domitas
1280 4034 1397 4136 finguq
