3509 5084
493 574 1128 652 Deuuuusrrcn.
1267 602 1307 675 ις
1452 520 1457 539 ’

342 740 448 819 'denas
462 795 474 832 ,
486 737 706 839 medipontos
726 736 847 834 privos
866 735 1192 827 loreos,trochleas
1210 744 1312 813 Grae·

343 851 478 927 canicas
501 851 616 941 binas,
629 874 707 949 quae
724 846 862 922 funibus
886 844 1024 945 sparteis
1045 844 1224 921 ducantur.
1246 850 1314 922 Or·

343 962 467 1039 biculis
483 961 714 1059 superioribus
738 958 896 1049 odonis,
910 957 1133 1031 inferioribus
1153 956 1241 1032 senis
1261 958 1314 1035 ei·

343 1071 411 1147 tius
431 1073 541 1147 duces.
561 1072 595 1145 5³
609 1090 701 1146 rotas
720 1069 817 1147 soles
832 1068 964 1161 facere,
981 1068 1110 1144 tardius
1124 1070 1314 1166 ducentur,

343 1181 401 1273 sed
417 1181 552 1255 minore
575 1179 707 1255 labore.
1313 1184 1316 1189 '

392 1296 454 1368 lV.
473 1289 606 1367 Bubilia
622 1290 738 1378 bona,
756 1290 865 1364 bonas
886 1285 1069 1388 presepis,
1091 1286 1222 1362 faliscas
1242 1289 1315 1366 clas

343 1419 459 1477 tratas.
474 1401 609 1477 Clattos
621 1398 775 1475 interesse
788 1419 929 1499 oportet
950 1400 1046 1499 pede.
1066 1400 1101 1473 Si
1113 1399 1159 1472 ita
1172 1399 1315 1492 feceris,

342 1510 503 1606 pabulum
526 1510 634 1590 boves
649 1536 723 1587 non
739 1511 887 1608 ejicient.
912 1512 1040 1586 Villam
1062 1513 1224 1588 urbanam
1246 1538 1314 1613 pro

342 1618 447 1715 copia
462 1617 639 1702 edificate.
657 1626 692 1693 ln
709 1622 806 1695 bono
823 1621 952 1719 praedio
975 1624 999 1695 st
1019 1624 1106 1695 bene
1124 1622 1316 1699 aedificave·
1374 1706 1378 1713 ,

342 1728 408 1821 ris,
430 1729 584 1827 beneque
599 1731 789 1828 pollueris:
807 1731 879 1808 ruri
894 1732 919 1807 fi
933 1733 1021 1806 recle
1034 1731 1261 1826 habitaveris,
1275 1734 1316 1809 li·
1450 1732 1454 1741 '

344 1837 478 1912 bentius
497 1841 536 1912 &
554 1839 672 1935 saepius
693 1842 837 1931 venies,
858 1841 985 1915 fundus
1003 1841 1127 1915 melios
1142 1843 1228 1932 erit,
1246 1842 1316 1917 mi·

344 1972 410 2019 nus
429 1948 651 2044 peccabitur,
671 1948 772 2023 fruui
785 1952 861 2047 plus
881 1951 1003 2047 rapies.
1020 1954 1128 2025 Frons
1145 1951 1316 2050 occipitio

344 2059 442 2157 prior
460 2058 518 2132 est.
541 2058 674 2134 Vicinis
697 2060 811 2134 bonus
831 2059 914 2133 ello.
939 2060 1112 2135 Familiam
1135 2086 1178 2133 ne
1196 2062 1316 2143 siveris

343 2191 495 2265 peccare.
511 2165 546 2238 Si
560 2186 593 2238 te
606 2162 751 2240 libenter
770 2165 930 2241 vicinitas
949 2166 1098 2256 videbit,
1113 2165 1243 2240 facilius
1256 2188 1316 2241 rua

343 2277 492 2368 vendes,
510 2300 632 2374 operas
648 2275 956 2366 facilius-localis,
979 2276 1157 2373 operarios
1181 2275 1317 2352 facilius

345 2384 530 2461 condures.
548 2384 583 2457 Si
602 2382 802 2473 aedificabis,
816 2383 954 2483 operis,
974 2384 1157 2479 jumentis,
1176 2386 1317 2460 materia

346 2498 568 2593 adjuvabunt.
591 2496 730 2596 Siquid
754 2498 874 2592 (bona
897 2494 1026 2595 salute)
1047 2498 1125 2573 usus
1149 2500 1318 2593 venerit,

346 2606 491 2708 benigne
514 2605 707 2681 defendent.

397 2722 441 2791 V.
462 2725 544 2796 Haec
563 2739 662 2794 erunt
675 2720 772 2795 uilici
784 2719 908 2795 officia.
928 2720 1121 2818 Disciplina
1135 2722 1228 2798 bona
1241 2742 1317 2797 uta·

346 2845 414 2903 tur.
434 2827 538 2903 Feriae
559 2827 746 2904 serventur.
758 2828 883 2900 Alieno
898 2853 1037 2900 manum
1060 2827 1232 2902 abslineat.
1253 2834 1318 2905 Sua

346 2934 458 3013 servet
468 2937 656 3034 diligenter.
666 2935 798 3008 Litibus
810 2933 949 3006 familiae
961 2932 1180 3029 supersedeat.
1193 2938 1227 3006 Si
1239 2939 1317 3031 quis

347 3045 433 3141 quid
447 3041 642 3138 deliquerit,
656 3064 719 3138 pro
735 3066 826 3113 noxa
841 3040 940 3113 bono
955 3038 1062 3111 modo
1077 3038 1240 3114 vindicet.
1254 3045 1318 3117 Fa·

348 3152 453 3227 miliae
474 3153 561 3226 male
583 3176 626 3223 ne
640 3151 697 3241 srt,
711 3174 754 3223 ne
772 3150 900 3248 algeat,
915 3174 959 3222 ne
975 3148 1120 3237 esuriat,
1138 3176 1243 3248 opere
1257 3152 1317 3225 be·

347 3288 394 3338 ne
406 3285 581 3351 exerceat,
594 3262 727 3337 sacilius
738 3262 830 3335 malo
845 3263 1011 3337 &alieno
1032 3262 1236 3357 prohibebit.
1251 3264 1319 3337 Vi·

346 3374 436 3447 licus
449 3373 472 3445 fi
487 3374 583 3447 nolet
603 3373 690 3445 male
707 3372 835 3460 secere,
848 3398 922 3445 non
935 3371 1046 3444 faciet.
1059 3372 1094 3442 Si
1110 3373 1215 3467 pallus
1234 3374 1317 3465 erit,
1387 3420 1392 3429 μ

347 3481 509 3557 dominus
527 3481 668 3579 impune
686 3505 730 3553 ne
753 3479 838 3551 smat
853 3478 928 3551 elle.
950 3482 1017 3549 Pro
1041 3479 1212 3553 beneficio
1239 3505 1318 3577 gra·

348 3593 432 3666 tiam
452 3591 595 3681 reserat,
616 3610 655 3662 ut
672 3587 747 3663 aliis
769 3588 857 3661 rede
875 3585 987 3661 facere
999 3585 1111 3660 libeat.
1123 3589 1255 3661 Vilicus
1272 3613 1318 3663 ne
1362 3662 1367 3675 ,

349 3701 391 3777 fit
410 3701 630 3790 ambulator,
646 3697 779 3772 sobrius
799 3696 858 3769 fiet
878 3697 1032 3794 semper,
1052 3700 1094 3773 ad
1114 3722 1249 3773 coenam
1273 3722 1317 3773 ne
1392 3730 1395 3737 ·

351 3834 425 3910 quo
447 3830 511 3885 eat.
534 3808 705 3884 Familiam
725 3824 907 3881 exerceat:
930 3807 1143 3896 confideret,
1158 3831 1234 3901 quae
1252 3807 1317 3879 do·
1405 3804 1413 3843 ·''

352 3924 465 3997 minus
477 3913 718 4019 imperaverit,
731 3919 825 3994 fiant.
840 3922 894 3993 Ne
906 3922 981 4017 plus
994 3918 1125 4001 censeat
1138 3915 1250 4011 sapere
1265 3918 1318 4010 se,
1471 3970 1510 4027 Κ.

318 4024 321 4033 ’
352 4058 453 4132 quam
476 4032 667 4111 dominum.
689 4031 830 4109 Amicos
854 4030 1006 4125 domini,
1026 4052 1088 4103 eos
1111 4028 1232 4103 habeat
1258 4029 1338 4107 fibi·
1411 4058 1421 4085 t
