3509 5084
398 570 476 660 *146
550 560 896 641 murreum
920 557 1214 635 vinitoris

452 728 534 798 Llll.
547 725 650 797 Messe
668 723 771 813 salla,
783 721 989 820 spicilegium
1002 721 1119 794 venire
1134 736 1292 816 oportet,
1305 742 1367 796 aut

399 835 498 909 'domi
523 835 631 933 legere
652 832 828 930 stipulam:
849 851 907 903 aut
932 829 956 903 li
980 830 1054 902 sunt
1078 832 1177 928 spicae
1199 857 1303 921 rarae,
1325 837 1367 908 δι

260 926 265 937 ’
283 956 287 965 “
400 970 517 1042 operae
533 969 639 1033 carae,
655 942 834 1038 compasci.
853 945 987 1013 Summa
1004 941 1094 1014 enim
1112 941 1304 1037 spectanda,
1319 968 1366 1016 ne

399 1055 440 1130 in
452 1081 490 1127 ea
505 1079 541 1126 re
559 1053 684 1128 sumtus
701 1050 847 1124 frustum
869 1053 1009 1148 superet.

448 1168 534 1238 LIV.
544 1166 582 1237 In
599 1161 722 1236 vinetis
732 1186 800 1234 uva
812 1185 891 1233 cum
904 1159 967 1232 erit
988 1177 1133 1250 matura,
1152 1158 1366 1241 vindemiam

397 1274 447 1348 ita
465 1271 537 1346 sieri
553 1288 758 1369 oportet‚ut
779 1269 944 1358 videas‚a
963 1293 1033 1366 quo
1055 1294 1175 1368 genere
1188 1294 1364 1370 uvarum,

400 1384 563 1477 &aquo
581 1380 662 1453 loco
683 1377 791 1452 vineti
807 1377 948 1473 incipias
971 1379 1091 1475 legere.
1114 1403 1190 1450 nam
1211 1379 1249 1450 δι
1269 1402 1364 1473 prae·

399 1515 470 1565 cox
481 1544 493 1578 ,
506 1490 543 1561 ὅ(
560 1487 724 1575 miscella,
739 1513 838 1584 quam
854 1506 978 1573 vocant
995 1488 1143 1584 nigram,
1156 1488 1266 1559 multo
1280 1510 1363 1562 ante

322 1583 347 1596 “
362 1580 370 1599 ⁸
399 1600 562 1698 coquitur
569 1626 582 1687 3
596 1618 665 1696 quo
679 1598 774 1695 prior
787 1598 945 1694 legendae
958 1600 996 1672 δι
1009 1624 1085 1694 quae
1098 1623 1171 1694 pars
1184 1598 1308 1670 arbusti
1321 1623 1363 1672 ac

397 1711 510 1807 vineae
530 1707 633 1804 magis
646 1706 778 1803 aprica,
792 1707 884 1800 prius
897 1705 995 1776 debet
1010 1706 1205 1778 descendere
1219 1707 1261 1778 de
1277 1706 1360 1778 vite.

396 1821 437 1888 ln
460 1815 663 1887 vindemiam
678 1811 867 1911 diligentius
883 1836 947 1885 uva
966 1837 1038 1885 non
1054 1812 1163 1884 solum
1178 1814 1302 1913 legitur
1316 1816 1361 1886 ad

395 1927 606 2016 bibendum,
621 1925 677 1998 sed
698 1925 832 2023 eligitur
850 1924 892 1996 ad
906 1923 1083 1996 edendum.
1106 1928 1221 2021 ltaque
1240 1926 1360 2001 lectius

397 2036 546 2109 defertur
562 2034 597 2105 in
617 2032 728 2106 sorum
750 2033 1040 2125 vinarium‚unde
1054 2033 1090 2105 in
1109 2035 1240 2107 dolium
1255 2036 1359 2115 inane

396 2143 538 2217 veniat:
553 2141 702 2216 clettam
723 2141 879 2216 secretam
895 2143 1090 2233 corbulam,
1103 2143 1192 2216 unde
1212 2144 1249 2217 in
1264 2147 1358 2220 ollu-

395 2252 445 2326 las
461 2253 618 2342 addatur,
630 2253 668 2327 δι
684 2249 724 2323 in
738 2251 829 2351 dolia
846 2253 945 2347 plena
966 2253 1187 2325 vinaceorum
1209 2277 1357 2332 contru-

396 2363 506 2436 datur.
531 2363 613 2450 alia,
628 2361 751 2457 quaein
772 2360 931 2455 piscinam
945 2358 982 2432 in
994 2362 1192 2457 amphoram
1209 2364 1355 2460 picatam

386 2469 583 2553 descendat.
610 2467 695 2555 alia,
721 2491 796 2563 quae
822 2468 858 2537 in
885 2492 1020 2555 aream,
1045 2467 1142 2540 utin
1167 2476 1356 2548 carnarium

393 2576 561 2650 ascendat.
575 2578 664 2668 Quae
679 2576 812 2648 calcatae
823 2601 901 2650 uvae
916 2596 1033 2667 erunt,
1043 2601 1156 2649 earum
1168 2577 1263 2676 scopi
1275 2609 1357 2657 cum

391 2682 556 2755 folliculis
570 2680 770 2774 subjiciendi
788 2681 847 2754 sub
861 2685 1010 2777 prelum,
1022 2705 1082 2789 pt,
1101 2686 1217 2790 liquid
1230 2694 1356 2793 reliqui

394 2795 541 2866 habeant
555 2793 675 2883 mulli,
693 2794 902 2889 exprimatur
913 2794 949 2867 in
967 2799 1109 2871 eundem
1124 2801 1244 2878 lacum.
1258 2809 1356 2881 Cum

393 2903 490 2976 desiit
508 2901 565 2974 sub
584 2902 679 2998 prelo
694 2901 814 2985 fluere,
829 2903 963 3001 quidam
980 2908 1221 2985 circumcidunt
1234 2941 1356 2994 extre-

393 3040 471 3102 ma,
485 3014 523 3085 δι
539 3011 651 3084 rursus
667 3031 845 3109 premunt:
861 3017 899 3089 &
919 3016 1029 3090 rursus
1048 3043 1125 3092 cum
1142 3028 1354 3122 expressum,

292 3138 301 3157 '
394 3121 653 3196 circumcisrtum
668 3121 858 3217 appellant,
873 3149 912 3197 ac
923 3123 1068 3199 seorsum
1080 3182 1092 3219 ,
1105 3134 1201 3227 quod
1215 3141 1353 3230 expres·

394 3231 467 3304 sum
486 3229 549 3318 est,
572 3229 722 3318 servant,
734 3234 827 3330 quod
847 3234 960 3330 refipit
972 3235 1108 3311 serrum.
1122 3246 1263 3336 expressi
1281 3250 1353 3322 aci·

395 3361 520 3411 uorum
541 3336 686 3410 folliculi
701 3340 740 3413 in
760 3341 851 3414 dolia
866 3342 1120 3438 conjiciuntur,
1135 3373 1246 3447 eoque
1267 3380 1352 3454 aqua
1368 3334 1372 3340 ⁵

394 3447 548 3522 additur:
562 3473 600 3520 ea
621 3467 766 3523 vocatur
780 3455 873 3543 lora,
888 3455 982 3551 quod
1001 3457 1073 3529 lota
1088 3459 1208 3551 acina,
1227 3490 1269 3537 ac
1286 3493 1351 3563 pro

395 3558 482 3634 vino
502 3557 662 3652 operariis
680 3560 776 3635 datur
793 3561 914 3637 hieme.

442 3669 514 3739 LV.
530 3668 588 3739 De
600 3668 744 3741 oliveto.
765 3673 876 3743 oleam
890 3699 989 3768 quam
1007 3701 1108 3750 manu
1121 3695 1258 3776 tangere
1270 3685 1352 3780 pos·

392 3778 435 3851 sis
456 3800 475 3849 e
495 3796 602 3866 terra,
622 3802 661 3849 ac
685 3779 797 3869 scalis,
818 3781 928 3879 legere
949 3804 1087 3882 oportet
1110 3788 1225 3883 potius
1246 3817 1353 3889 quarn

392 3909 547 3982 quatere,
559 3886 652 3965 ouod
664 3911 719 3973 ea,
732 3913 808 3985 quae
823 3893 1020 3986 vapulavit,
1035 3897 1205 3987 macescit‚
1215 3926 1283 3974 nec
1297 3905 1354 3976 dat

395 4013 525 4070 tantum
546 3993 624 4071 olei.
639 4020 715 4094 quae
732 4021 834 4070 manu
848 3998 955 4074 stricta
962 4055 976 4093 ,
992 4003 1114 4078 melior
1134 4028 1188 4093 ea,
1204 4031 1282 4104 quae
1299 4013 1353 4084 di·
