<?xml version="1.0" encoding="UTF-8"?>
<!DOCTYPE html PUBLIC "-//W3C//DTD XHTML 1.0 Transitional//EN"
    "http://www.w3.org/TR/xhtml1/DTD/xhtml1-transitional.dtd">
<html xmlns="http://www.w3.org/1999/xhtml" xml:lang="en" lang="en">
 <head>
  <title>
</title>
<meta http-equiv="Content-Type" content="text/html;charset=utf-8" />
  <meta name='ocr-system' content='tesseract 3.04.00' />
  <meta name='ocr-capabilities' content='ocr_page ocr_carea ocr_par ocr_line ocrx_word'/>
</head>
<body>
  <div class='ocr_page' id='page_1' title='image "./scriptoresreiru02gesngoog_0119.png"; bbox 0 0 3509 5084; ppageno 0'>
   <div class='ocr_carea' id='block_1_1' title="bbox 730 542 1303 622">
    <p class='ocr_par' dir='ltr' id='par_1_1' title="bbox 730 542 1303 622">
     <span class='ocr_line' id='line_1_1' title="bbox 730 542 1303 622; baseline 0.021 -13"><span class='ocrx_word' id='word_1_1' title='bbox 730 542 804 611; x_wconf 80' lang='lat' dir='ltr'>Vl</span> <span class='ocrx_word' id='word_1_2' title='bbox 830 544 860 611; x_wconf 84' lang='lat' dir='ltr'><em>T</em></span> <span class='ocrx_word' id='word_1_3' title='bbox 882 546 929 612; x_wconf 83' lang='lat' dir='ltr'>A.</span> <span class='ocrx_word' id='word_1_4' title='bbox 1206 559 1303 622; x_wconf 80' lang='lat' dir='ltr'>etun</span> 
     </span>
    </p>
   </div>
   <div class='ocr_carea' id='block_1_2' title="bbox 246 699 1441 3654">
    <p class='ocr_par' dir='ltr' id='par_1_2' title="bbox 344 699 1412 1018">
     <span class='ocr_line' id='line_1_2' title="bbox 344 699 1307 798; baseline -0.001 -19"><span class='ocrx_word' id='word_1_5' title='bbox 344 704 382 779; x_wconf 90' lang='lat' dir='ltr'><em>in</em></span> <span class='ocrx_word' id='word_1_6' title='bbox 399 704 468 778; x_wconf 89' lang='lat' dir='ltr'>hoc</span> <span class='ocrx_word' id='word_1_7' title='bbox 487 699 683 790; x_wconf 88' lang='lat' dir='ltr'>volumine,</span> <span class='ocrx_word' id='word_1_8' title='bbox 697 724 768 772; x_wconf 91' lang='lat' dir='ltr'>non</span> <span class='ocrx_word' id='word_1_9' title='bbox 782 700 913 798; x_wconf 81' lang='lat' dir='ltr'>ingrate</span> <span class='ocrx_word' id='word_1_10' title='bbox 929 700 1140 774; x_wconf 88' lang='lat' dir='ltr'>nominando</span> <span class='ocrx_word' id='word_1_11' title='bbox 1159 706 1207 774; x_wconf 81' lang='grc' dir='ltr'>Μ.</span> <span class='ocrx_word' id='word_1_12' title='bbox 1222 711 1307 778; x_wconf 87' lang='lat' dir='ltr'>Var-</span> 
     </span>
     <span class='ocr_line' id='line_1_3' title="bbox 348 810 1412 912; baseline 0.001 -25"><span class='ocrx_word' id='word_1_13' title='bbox 348 839 434 889; x_wconf 86' lang='lat' dir='ltr'><strong>rone</strong></span> <span class='ocrx_word' id='word_1_14' title='bbox 445 868 458 901; x_wconf 90' lang='lat'>,</span> <span class='ocrx_word' id='word_1_15' title='bbox 469 812 528 910; x_wconf 89' lang='lat' dir='ltr'>qui</span> <span class='ocrx_word' id='word_1_16' title='bbox 541 810 786 909; x_wconf 76' lang='lat' dir='ltr'>odogesrnrum</span> <span class='ocrx_word' id='word_1_17' title='bbox 803 811 949 905; x_wconf 88' lang='lat' dir='ltr'>primum</span> <span class='ocrx_word' id='word_1_18' title='bbox 965 812 1045 887; x_wconf 81' lang='lat' dir='ltr'>vitae</span> <span class='ocrx_word' id='word_1_19' title='bbox 1058 836 1182 886; x_wconf 84' lang='lat' dir='ltr'>annum</span> <span class='ocrx_word' id='word_1_20' title='bbox 1195 813 1314 912; x_wconf 73' lang='lat' dir='ltr'>agens,⁸</span> <span class='ocrx_word' id='word_1_21' title='bbox 1406 861 1412 867; x_wconf 89' lang='lat'>-</span> 
     </span>
     <span class='ocr_line' id='line_1_4' title="bbox 348 921 884 1018; baseline -0.009 -19"><span class='ocrx_word' id='word_1_22' title='bbox 348 927 389 999; x_wconf 92' lang='lat' dir='ltr'>de</span> <span class='ocrx_word' id='word_1_23' title='bbox 406 949 443 997; x_wconf 91' lang='lat' dir='ltr'>ea</span> <span class='ocrx_word' id='word_1_24' title='bbox 457 947 492 994; x_wconf 91' lang='lat' dir='ltr'>re</span> <span class='ocrx_word' id='word_1_25' title='bbox 512 922 724 1018; x_wconf 89' lang='lat' dir='ltr'>prodendum</span> <span class='ocrx_word' id='word_1_26' title='bbox 742 921 884 1016; x_wconf 83' lang='lat' dir='ltr'>putarit.</span> 
     </span>
    </p>

    <p class='ocr_par' dir='ltr' id='par_1_3' title="bbox 251 1031 1309 1133">
     <span class='ocr_line' id='line_1_5' title="bbox 251 1031 1309 1133; baseline 0 -26"><span class='ocrx_word' id='word_1_27' title='bbox 251 1123 256 1133; x_wconf 35' lang='grc' dir='ltr'><strong><em>Ι</em></strong></span> <span class='ocrx_word' id='word_1_28' title='bbox 397 1040 530 1107; x_wconf 82' lang='lat' dir='ltr'><em>Annum</em></span> <span class='ocrx_word' id='word_1_29' title='bbox 548 1031 758 1132; x_wconf 73' lang='lat' dir='ltr'>odiogcfirnurn</span> <span class='ocrx_word' id='word_1_30' title='bbox 777 1056 920 1125; x_wconf 82' lang='lat' dir='ltr'>quartum</span> <span class='ocrx_word' id='word_1_31' title='bbox 935 1037 1063 1128; x_wconf 80' lang='lat' dir='ltr'>agebat,</span> <span class='ocrx_word' id='word_1_32' title='bbox 1077 1060 1145 1105; x_wconf 86' lang='lat' dir='ltr'>cum</span> <span class='ocrx_word' id='word_1_33' title='bbox 1158 1040 1309 1128; x_wconf 83' lang='lat' dir='ltr'>quadrin-</span> 
     </span>
    </p>

    <p class='ocr_par' dir='ltr' id='par_1_4' title="bbox 246 1140 1334 1460">
     <span class='ocr_line' id='line_1_6' title="bbox 246 1140 1310 1244; baseline 0.001 -30"><span class='ocrx_word' id='word_1_34' title='bbox 246 1140 251 1204; x_wconf 78' lang='grc' dir='ltr'><strong><em>Ῐ</em></strong></span> <span class='ocrx_word' id='word_1_35' title='bbox 348 1170 452 1241; x_wconf 75' lang='lat' dir='ltr'>gentas</span> <span class='ocrx_word' id='word_1_36' title='bbox 473 1144 653 1236; x_wconf 81' lang='lat' dir='ltr'><em>nonaginta</em></span> <span class='ocrx_word' id='word_1_37' title='bbox 675 1145 769 1211; x_wconf 84' lang='lat' dir='ltr'><em>libros</em></span> <span class='ocrx_word' id='word_1_38' title='bbox 779 1143 955 1234; x_wconf 82' lang='lat' dir='ltr'>scripserat.</span> <span class='ocrx_word' id='word_1_39' title='bbox 984 1148 1031 1215; x_wconf 89' lang='lat' dir='ltr'>A.</span> <span class='ocrx_word' id='word_1_40' title='bbox 1054 1145 1175 1216; x_wconf 79' lang='lat' dir='ltr'><em>Gellius</em></span> <span class='ocrx_word' id='word_1_41' title='bbox 1194 1149 1248 1217; x_wconf 86' lang='lat' dir='ltr'><em>lib.</em></span> <span class='ocrx_word' id='word_1_42' title='bbox 1262 1173 1310 1244; x_wconf 84' lang='lat'>3,</span> 
     </span>
     <span class='ocr_line' id='line_1_7' title="bbox 350 1247 1334 1349; baseline 0.001 -25"><span class='ocrx_word' id='word_1_43' title='bbox 350 1281 416 1346; x_wconf 80' lang='lat' dir='ltr'>cap.</span> <span class='ocrx_word' id='word_1_44' title='bbox 441 1279 495 1324; x_wconf 85' lang='lat' dir='ltr'>ro:</span> <span class='ocrx_word' id='word_1_45' title='bbox 512 1249 563 1320; x_wconf 85' lang='lat' dir='ltr'>lbi</span> <span class='ocrx_word' id='word_1_46' title='bbox 583 1247 636 1347; x_wconf 87' lang='lat' dir='ltr'><em>(in</em></span> <span class='ocrx_word' id='word_1_47' title='bbox 653 1251 878 1325; x_wconf 82' lang='lat' dir='ltr'>hebdomadum</span> <span class='ocrx_word' id='word_1_48' title='bbox 894 1255 983 1322; x_wconf 85' lang='lat' dir='ltr'><em>libris</em></span> <span class='ocrx_word' id='word_1_49' title='bbox 1004 1253 1127 1344; x_wconf 90' lang='lat' dir='ltr'>Varro)</span> <span class='ocrx_word' id='word_1_50' title='bbox 1149 1254 1259 1349; x_wconf 73' lang='lat' dir='ltr'>addit,</span> <span class='ocrx_word' id='word_1_51' title='bbox 1277 1253 1334 1326; x_wconf 81' lang='lat' dir='ltr'>se‘</span> 
     </span>
     <span class='ocr_line' id='line_1_8' title="bbox 350 1357 1311 1460; baseline 0.002 -28"><span class='ocrx_word' id='word_1_52' title='bbox 350 1384 492 1460; x_wconf 90' lang='lat' dir='ltr'>quoque</span> <span class='ocrx_word' id='word_1_53' title='bbox 515 1357 581 1451; x_wconf 87' lang='lat' dir='ltr'>jam</span> <span class='ocrx_word' id='word_1_54' title='bbox 601 1357 780 1430; x_wconf 86' lang='lat' dir='ltr'>duodecim</span> <span class='ocrx_word' id='word_1_55' title='bbox 797 1383 967 1431; x_wconf 87' lang='lat' dir='ltr'>annorum</span> <span class='ocrx_word' id='word_1_56' title='bbox 996 1359 1240 1433; x_wconf 83' lang='lat' dir='ltr'>hebdomadam</span> <span class='ocrx_word' id='word_1_57' title='bbox 1259 1361 1311 1434; x_wconf 92' lang='lat' dir='ltr'>in·</span> 
     </span>
    </p>

    <p class='ocr_par' dir='ltr' id='par_1_5' title="bbox 249 1459 1382 1674">
     <span class='ocr_line' id='line_1_9' title="bbox 249 1459 1313 1570; baseline 0.003 -24"><span class='ocrx_word' id='word_1_58' title='bbox 249 1502 252 1508; x_wconf 93' lang='lat'>·</span> <span class='ocrx_word' id='word_1_59' title='bbox 352 1472 493 1570; x_wconf 78' lang='lat' dir='ltr'>gressum</span> <span class='ocrx_word' id='word_1_60' title='bbox 508 1469 589 1559; x_wconf 78' lang='lat' dir='ltr'>effe,</span> <span class='ocrx_word' id='word_1_61' title='bbox 603 1459 784 1543; x_wconf 88' lang='lat' dir='ltr'>&amp;adeum</span> <span class='ocrx_word' id='word_1_62' title='bbox 798 1469 886 1542; x_wconf 88' lang='lat' dir='ltr'>diem</span> <span class='ocrx_word' id='word_1_63' title='bbox 904 1470 1109 1569; x_wconf 85' lang='lat' dir='ltr'>septuaginta</span> <span class='ocrx_word' id='word_1_64' title='bbox 1125 1472 1313 1548; x_wconf 85' lang='lat' dir='ltr'>hebdoma·¹</span> 
     </span>
     <span class='ocr_line' id='line_1_10' title="bbox 354 1577 843 1674; baseline -0.012 -17"><span class='ocrx_word' id='word_1_65' title='bbox 354 1585 412 1658; x_wconf 90' lang='lat' dir='ltr'>des</span> <span class='ocrx_word' id='word_1_66' title='bbox 428 1582 591 1654; x_wconf 87' lang='lat' dir='ltr'>librorum</span> <span class='ocrx_word' id='word_1_67' title='bbox 605 1577 843 1674; x_wconf 66' lang='lat' dir='ltr'>conscripsisse.</span> 
     </span>
    </p>

    <p class='ocr_par' dir='ltr' id='par_1_6' title="bbox 355 1686 1317 2331">
     <span class='ocr_line' id='line_1_11' title="bbox 404 1686 1314 1785; baseline -0.002 -23"><span class='ocrx_word' id='word_1_68' title='bbox 404 1687 590 1785; x_wconf 73' lang='lat' dir='ltr'>Odogcfuno</span> <span class='ocrx_word' id='word_1_69' title='bbox 610 1687 718 1758; x_wconf 71' lang='lat' dir='ltr'>adara</span> <span class='ocrx_word' id='word_1_70' title='bbox 737 1691 838 1757; x_wconf 85' lang='lat' dir='ltr'>araris</span> <span class='ocrx_word' id='word_1_71' title='bbox 858 1711 948 1757; x_wconf 87' lang='lat' dir='ltr'>anno</span> <span class='ocrx_word' id='word_1_72' title='bbox 960 1686 1134 1780; x_wconf 80' lang='lat' dir='ltr'><em>scribendis</em></span> <span class='ocrx_word' id='word_1_73' title='bbox 1151 1693 1254 1760; x_wconf 81' lang='lat' dir='ltr'>adhuc</span> <span class='ocrx_word' id='word_1_74' title='bbox 1267 1690 1314 1760; x_wconf 78' lang='lat' dir='ltr'>a·-</span> 
     </span>
     <span class='ocr_line' id='line_1_12' title="bbox 355 1796 1314 1893; baseline -0.004 -23"><span class='ocrx_word' id='word_1_75' title='bbox 355 1803 418 1870; x_wconf 83' lang='lat' dir='ltr'><em>bris</em></span> <span class='ocrx_word' id='word_1_76' title='bbox 441 1804 579 1870; x_wconf 80' lang='lat' dir='ltr'>intentus</span> <span class='ocrx_word' id='word_1_77' title='bbox 595 1820 669 1867; x_wconf 82' lang='lat' dir='ltr'>erar.</span> <span class='ocrx_word' id='word_1_78' title='bbox 690 1796 819 1868; x_wconf 84' lang='lat' dir='ltr'><em>Plinius</em></span> <span class='ocrx_word' id='word_1_79' title='bbox 832 1798 885 1868; x_wconf 83' lang='lat' dir='ltr'><em>lib.</em></span> <span class='ocrx_word' id='word_1_80' title='bbox 907 1821 963 1893; x_wconf 79' lang='lat'>29,</span> <span class='ocrx_word' id='word_1_81' title='bbox 977 1806 1045 1889; x_wconf 74' lang='lat' dir='ltr'>cap.</span> <span class='ocrx_word' id='word_1_82' title='bbox 1063 1823 1109 1887; x_wconf 84' lang='lat'>4:</span> <span class='ocrx_word' id='word_1_83' title='bbox 1130 1798 1314 1870; x_wconf 68' lang='lat' dir='ltr'>Conderet·</span> 
     </span>
     <span class='ocr_line' id='line_1_13' title="bbox 356 1902 1314 2005; baseline -0.001 -24"><span class='ocrx_word' id='word_1_84' title='bbox 356 1908 393 1981; x_wconf 87' lang='lat' dir='ltr'><em>in</em></span> <span class='ocrx_word' id='word_1_85' title='bbox 417 1906 623 2005; x_wconf 83' lang='lat' dir='ltr'>proferendo</span> <span class='ocrx_word' id='word_1_86' title='bbox 645 1929 688 1976; x_wconf 87' lang='lat' dir='ltr'>ex</span> <span class='ocrx_word' id='word_1_87' title='bbox 712 1902 763 1976; x_wconf 87' lang='lat' dir='ltr'><em>his</em></span> <span class='ocrx_word' id='word_1_88' title='bbox 782 1904 951 1995; x_wconf 86' lang='lat' dir='ltr'>remedio,</span> <span class='ocrx_word' id='word_1_89' title='bbox 973 1905 1035 1976; x_wconf 88' lang='lat' dir='ltr'>nifi</span> <span class='ocrx_word' id='word_1_90' title='bbox 1055 1907 1102 1976; x_wconf 90' lang='grc' dir='ltr'>Μ.</span> <span class='ocrx_word' id='word_1_91' title='bbox 1122 1909 1314 1980; x_wconf 88' lang='lat' dir='ltr'>Varronem</span> 
     </span>
     <span class='ocr_line' id='line_1_14' title="bbox 357 2015 1315 2114; baseline -0.002 -22"><span class='ocrx_word' id='word_1_92' title='bbox 357 2019 475 2093; x_wconf 89' lang='lat' dir='ltr'>scirem</span> <span class='ocrx_word' id='word_1_93' title='bbox 502 2015 711 2114; x_wconf 73' lang='lat' dir='ltr'>odiogesrmo</span> <span class='ocrx_word' id='word_1_94' title='bbox 736 2017 860 2090; x_wconf 73' lang='lat' dir='ltr'>odero</span> <span class='ocrx_word' id='word_1_95' title='bbox 890 2015 971 2090; x_wconf 82' lang='lat' dir='ltr'>vitae</span> <span class='ocrx_word' id='word_1_96' title='bbox 995 2042 1086 2090; x_wconf 88' lang='lat' dir='ltr'>anno</span> <span class='ocrx_word' id='word_1_97' title='bbox 1111 2017 1315 2113; x_wconf 79' lang='lat' dir='ltr'>prodidisse,</span> 
     </span>
     <span class='ocr_line' id='line_1_15' title="bbox 358 2123 1317 2226; baseline -0.002 -24"><span class='ocrx_word' id='word_1_98' title='bbox 358 2129 508 2226; x_wconf 87' lang='lat' dir='ltr'>aspidum</span> <span class='ocrx_word' id='word_1_99' title='bbox 523 2128 606 2200; x_wconf 77' lang='lat' dir='ltr'>idus</span> <span class='ocrx_word' id='word_1_100' title='bbox 622 2125 845 2203; x_wconf 83' lang='lat' dir='ltr'>efficaciffime</span> <span class='ocrx_word' id='word_1_101' title='bbox 865 2123 993 2215; x_wconf 87' lang='lat' dir='ltr'>curari,</span> <span class='ocrx_word' id='word_1_102' title='bbox 1017 2125 1163 2200; x_wconf 74' lang='lat' dir='ltr'>haustas</span> <span class='ocrx_word' id='word_1_103' title='bbox 1180 2125 1317 2225; x_wconf 73' lang='lat' dir='ltr'>percid-</span> 
     </span>
     <span class='ocr_line' id='line_1_16' title="bbox 360 2237 1086 2331; baseline -0.007 -18"><span class='ocrx_word' id='word_1_104' title='bbox 360 2239 403 2313; x_wconf 83' lang='lat' dir='ltr'>fis</span> <span class='ocrx_word' id='word_1_105' title='bbox 415 2238 565 2331; x_wconf 86' lang='lat' dir='ltr'>ipsorum</span> <span class='ocrx_word' id='word_1_106' title='bbox 579 2237 685 2308; x_wconf 89' lang='lat' dir='ltr'>urina.</span> <span class='ocrx_word' id='word_1_107' title='bbox 1083 2316 1086 2321; x_wconf 85' lang='lat'><em>.</em></span> 
     </span>
    </p>

    <p class='ocr_par' dir='ltr' id='par_1_7' title="bbox 360 2334 1320 2562">
     <span class='ocr_line' id='line_1_17' title="bbox 397 2334 1319 2443; baseline 0.001 -20"><span class='ocrx_word' id='word_1_108' title='bbox 397 2355 519 2423; x_wconf 81' lang='lat' dir='ltr'>Eodem</span> <span class='ocrx_word' id='word_1_109' title='bbox 531 2351 628 2422; x_wconf 83' lang='lat' dir='ltr'>utaris</span> <span class='ocrx_word' id='word_1_110' title='bbox 642 2376 728 2421; x_wconf 89' lang='lat' dir='ltr'>anno</span> <span class='ocrx_word' id='word_1_111' title='bbox 737 2403 749 2436; x_wconf 90' lang='lat'>,</span> <span class='ocrx_word' id='word_1_112' title='bbox 770 2350 977 2443; x_wconf 83' lang='lat' dir='ltr'>Olympiadis</span> <span class='ocrx_word' id='word_1_113' title='bbox 995 2350 1058 2422; x_wconf 71' lang='lat'>188</span> <span class='ocrx_word' id='word_1_114' title='bbox 1074 2377 1161 2421; x_wconf 91' lang='lat' dir='ltr'>anno</span> <span class='ocrx_word' id='word_1_115' title='bbox 1176 2377 1203 2439; x_wconf 83' lang='lat' dir='ltr'>r,</span> <span class='ocrx_word' id='word_1_116' title='bbox 1219 2334 1319 2424; x_wconf 72' lang='lat' dir='ltr'><em>Urbis</em></span> 
     </span>
     <span class='ocr_line' id='line_1_18' title="bbox 360 2460 1320 2562; baseline -0.002 -27"><span class='ocrx_word' id='word_1_117' title='bbox 360 2465 451 2561; x_wconf 74' lang='lat'>725,</span> <span class='ocrx_word' id='word_1_118' title='bbox 474 2462 698 2557; x_wconf 65' lang='lat' dir='ltr'>mundi3922&#39;,</span> <span class='ocrx_word' id='word_1_119' title='bbox 712 2483 784 2530; x_wconf 80' lang='lat' dir='ltr'>ante</span> <span class='ocrx_word' id='word_1_120' title='bbox 801 2463 834 2531; x_wconf 85' lang='lat' dir='ltr'>C.</span> <span class='ocrx_word' id='word_1_121' title='bbox 849 2461 896 2532; x_wconf 87' lang='lat' dir='ltr'>N.</span> <span class='ocrx_word' id='word_1_122' title='bbox 914 2465 972 2549; x_wconf 77' lang='lat'>26,</span> <span class='ocrx_word' id='word_1_123' title='bbox 985 2487 1054 2532; x_wconf 88' lang='lat' dir='ltr'>cum</span> <span class='ocrx_word' id='word_1_124' title='bbox 1071 2460 1229 2562; x_wconf 77' lang='lat' dir='ltr'><em>Augustus</em></span> <span class='ocrx_word' id='word_1_125' title='bbox 1251 2466 1320 2533; x_wconf 84' lang='lat' dir='ltr'>Cu·</span> 
     </span>
    </p>

    <p class='ocr_par' dir='ltr' id='par_1_8' title="bbox 289 2572 1441 3654">
     <span class='ocr_line' id='line_1_19' title="bbox 289 2572 1319 2668; baseline -0.004 -22"><span class='ocrx_word' id='word_1_126' title='bbox 289 2638 294 2646; x_wconf 93' lang='lat'><strong>.</strong></span> <span class='ocrx_word' id='word_1_127' title='bbox 354 2574 415 2667; x_wconf 82' lang='lat' dir='ltr'>sar</span> <span class='ocrx_word' id='word_1_128' title='bbox 423 2572 574 2666; x_wconf 79' lang='lat' dir='ltr'>sextum,</span> <span class='ocrx_word' id='word_1_129' title='bbox 593 2577 644 2642; x_wconf 89' lang='lat' dir='ltr'>M.</span> <span class='ocrx_word' id='word_1_130' title='bbox 667 2574 812 2664; x_wconf 67' lang='lat' dir='ltr'>Agrippa</span> <span class='ocrx_word' id='word_1_131' title='bbox 821 2572 998 2663; x_wconf 83' lang='lat' dir='ltr'>secundum</span> <span class='ocrx_word' id='word_1_132' title='bbox 1020 2572 1213 2665; x_wconf 67' lang='lat' dir='ltr'>consulatum</span> <span class='ocrx_word' id='word_1_133' title='bbox 1232 2597 1319 2668; x_wconf 81' lang='lat' dir='ltr'>gere·</span> 
     </span>
     <span class='ocr_line' id='line_1_20' title="bbox 362 2679 1332 2781; baseline 0 -30"><span class='ocrx_word' id='word_1_134' title='bbox 362 2704 426 2767; x_wconf 84' lang='lat' dir='ltr'>ret,</span> <span class='ocrx_word' id='word_1_135' title='bbox 445 2681 545 2751; x_wconf 82' lang='lat' dir='ltr'>uitam</span> <span class='ocrx_word' id='word_1_136' title='bbox 560 2679 656 2770; x_wconf 81' lang='lat' dir='ltr'>suurn</span> <span class='ocrx_word' id='word_1_137' title='bbox 678 2681 871 2749; x_wconf 80' lang='lat' dir='ltr'>terminabat.</span> <span class='ocrx_word' id='word_1_138' title='bbox 900 2683 1044 2749; x_wconf 75' lang='lat' dir='ltr'>Valerius</span> <span class='ocrx_word' id='word_1_139' title='bbox 1065 2681 1236 2750; x_wconf 76' lang='lat' dir='ltr'>Maximus</span> <span class='ocrx_word' id='word_1_140' title='bbox 1263 2679 1332 2781; x_wconf 64' lang='lat' dir='ltr'>lib.xl</span> 
     </span>
     <span class='ocr_line' id='line_1_21' title="bbox 363 2787 1319 2885; baseline -0.004 -23"><span class='ocrx_word' id='word_1_141' title='bbox 363 2792 477 2883; x_wconf 80' lang='lat' dir='ltr'>8,cap.</span> <span class='ocrx_word' id='word_1_142' title='bbox 487 2817 525 2885; x_wconf 87' lang='lat'>7,</span> <span class='ocrx_word' id='word_1_143' title='bbox 540 2795 679 2881; x_wconf 82' lang='lat' dir='ltr'>exemplo</span> <span class='ocrx_word' id='word_1_144' title='bbox 696 2791 843 2858; x_wconf 86' lang='lat' dir='ltr'>Romano</span> <span class='ocrx_word' id='word_1_145' title='bbox 856 2813 899 2884; x_wconf 84' lang='lat'>3:</span> <span class='ocrx_word' id='word_1_146' title='bbox 917 2788 1095 2860; x_wconf 83' lang='lat' dir='ltr'>Terentius</span> <span class='ocrx_word' id='word_1_147' title='bbox 1109 2792 1238 2873; x_wconf 89' lang='lat' dir='ltr'>Varro,</span> <span class='ocrx_word' id='word_1_148' title='bbox 1253 2787 1319 2858; x_wconf 91' lang='lat' dir='ltr'>hu-</span> 
     </span>
     <span class='ocr_line' id='line_1_22' title="bbox 362 2891 1321 2988; baseline -0.004 -20"><span class='ocrx_word' id='word_1_149' title='bbox 362 2921 470 2968; x_wconf 85' lang='lat' dir='ltr'>manae</span> <span class='ocrx_word' id='word_1_150' title='bbox 499 2897 580 2965; x_wconf 82' lang='lat' dir='ltr'>vitae</span> <span class='ocrx_word' id='word_1_151' title='bbox 605 2895 763 2988; x_wconf 85' lang='lat' dir='ltr'>exemplo</span> <span class='ocrx_word' id='word_1_152' title='bbox 797 2893 968 2988; x_wconf 80' lang='lat' dir='ltr'>aetatisque</span> <span class='ocrx_word' id='word_1_153' title='bbox 997 2893 1104 2988; x_wconf 73' lang='lat' dir='ltr'>{patio</span> <span class='ocrx_word' id='word_1_154' title='bbox 1137 2891 1321 2964; x_wconf 82' lang='lat' dir='ltr'>nominan-</span> 
     </span>
     <span class='ocr_line' id='line_1_23' title="bbox 365 3005 1441 3103; baseline -0.002 -22"><span class='ocrx_word' id='word_1_155' title='bbox 365 3009 445 3096; x_wconf 89' lang='lat' dir='ltr'>dus,</span> <span class='ocrx_word' id='word_1_156' title='bbox 473 3008 689 3097; x_wconf 74' lang='lat' dir='ltr'>nonnanis,</span> <span class='ocrx_word' id='word_1_157' title='bbox 714 3007 837 3103; x_wconf 85' lang='lat' dir='ltr'>quibus</span> <span class='ocrx_word' id='word_1_158' title='bbox 864 3005 966 3078; x_wconf 82' lang='lat' dir='ltr'>seculi</span> <span class='ocrx_word' id='word_1_159' title='bbox 993 3007 1124 3100; x_wconf 72' lang='lat' dir='ltr'>ternpus</span> <span class='ocrx_word' id='word_1_160' title='bbox 1149 3005 1321 3101; x_wconf 85' lang='lat' dir='ltr'>aequavit,</span> <span class='ocrx_word' id='word_1_161' title='bbox 1432 3059 1441 3079; x_wconf 93' lang='grc'><strong><em>.</em></strong></span> 
     </span>
     <span class='ocr_line' id='line_1_24' title="bbox 365 3088 1352 3209; baseline 0.006 -25"><span class='ocrx_word' id='word_1_162' title='bbox 365 3140 464 3209; x_wconf 90' lang='lat' dir='ltr'>quarn</span> <span class='ocrx_word' id='word_1_163' title='bbox 478 3088 556 3187; x_wconf 77' lang='lat' dir='ltr'>dito</span> <span class='ocrx_word' id='word_1_164' title='bbox 573 3115 732 3189; x_wconf 78' lang='lat' dir='ltr'>vivacior</span> <span class='ocrx_word' id='word_1_165' title='bbox 749 3113 821 3185; x_wconf 83' lang='lat' dir='ltr'>firit.</span> <span class='ocrx_word' id='word_1_166' title='bbox 838 3117 876 3184; x_wconf 88' lang='lat' dir='ltr'>ln</span> <span class='ocrx_word' id='word_1_167' title='bbox 895 3114 1015 3187; x_wconf 86' lang='lat' dir='ltr'>eodem</span> <span class='ocrx_word' id='word_1_168' title='bbox 1029 3113 1119 3187; x_wconf 89' lang='lat' dir='ltr'>enim</span> <span class='ocrx_word' id='word_1_169' title='bbox 1140 3113 1264 3186; x_wconf 75' lang='lat' dir='ltr'>ledulo</span> <span class='ocrx_word' id='word_1_170' title='bbox 1282 3117 1322 3190; x_wconf 78' lang='lat' dir='ltr'>dc</span> <span class='ocrx_word' id='word_1_171' title='bbox 1342 3147 1352 3158; x_wconf 60' lang='lat'><em>⁴</em></span> 
     </span>
     <span class='ocr_line' id='line_1_25' title="bbox 369 3204 1322 3324; baseline 0.002 -31"><span class='ocrx_word' id='word_1_172' title='bbox 369 3222 498 3318; x_wconf 84' lang='lat' dir='ltr'>spiritus</span> <span class='ocrx_word' id='word_1_173' title='bbox 510 3219 602 3318; x_wconf 82' lang='lat' dir='ltr'>ejus,</span> <span class='ocrx_word' id='word_1_174' title='bbox 616 3227 653 3298; x_wconf 90' lang='lat'>&amp;</span> <span class='ocrx_word' id='word_1_175' title='bbox 668 3225 879 3324; x_wconf 84' lang='lat' dir='ltr'>egregiorum</span> <span class='ocrx_word' id='word_1_176' title='bbox 895 3249 1038 3320; x_wconf 90' lang='lat' dir='ltr'>operum</span> <span class='ocrx_word' id='word_1_177' title='bbox 1064 3204 1177 3298; x_wconf 72' lang='lat' dir='ltr'>dorsus</span> <span class='ocrx_word' id='word_1_178' title='bbox 1198 3224 1322 3295; x_wconf 85' lang='lat' dir='ltr'>exstin-</span> 
     </span>
     <span class='ocr_line' id='line_1_26' title="bbox 369 3334 1321 3432; baseline 0 -26"><span class='ocrx_word' id='word_1_179' title='bbox 369 3334 442 3406; x_wconf 73' lang='lat' dir='ltr'>dus</span> <span class='ocrx_word' id='word_1_180' title='bbox 457 3335 513 3425; x_wconf 85' lang='lat' dir='ltr'>est.</span> <span class='ocrx_word' id='word_1_181' title='bbox 531 3339 685 3432; x_wconf 86' lang='lat' dir='ltr'>Eusebius</span> <span class='ocrx_word' id='word_1_182' title='bbox 702 3340 738 3409; x_wconf 87' lang='lat' dir='ltr'><em>in</em></span> <span class='ocrx_word' id='word_1_183' title='bbox 758 3340 932 3423; x_wconf 79' lang='lat' dir='ltr'><em>chronicis,</em></span> <span class='ocrx_word' id='word_1_184' title='bbox 954 3341 999 3407; x_wconf 88' lang='lat' dir='ltr'>ad</span> <span class='ocrx_word' id='word_1_185' title='bbox 1024 3338 1234 3431; x_wconf 84' lang='lat' dir='ltr'><em>Olympiadis</em></span> <span class='ocrx_word' id='word_1_186' title='bbox 1254 3337 1321 3406; x_wconf 76' lang='lat'>188</span> 
     </span>
     <span class='ocr_line' id='line_1_27' title="bbox 368 3444 1321 3546; baseline 0.012 -30"><span class='ocrx_word' id='word_1_187' title='bbox 368 3472 489 3516; x_wconf 85' lang='lat' dir='ltr'>annum</span> <span class='ocrx_word' id='word_1_188' title='bbox 515 3473 540 3534; x_wconf 88' lang='lat' dir='ltr'>r,</span> <span class='ocrx_word' id='word_1_189' title='bbox 561 3476 648 3519; x_wconf 89' lang='lat' dir='ltr'><em>num.</em></span> <span class='ocrx_word' id='word_1_190' title='bbox 675 3452 771 3546; x_wconf 69' lang='lat'><em>¹939²</em></span> <span class='ocrx_word' id='word_1_191' title='bbox 792 3451 841 3517; x_wconf 88' lang='grc' dir='ltr'>Μ.</span> <span class='ocrx_word' id='word_1_192' title='bbox 864 3444 1043 3517; x_wconf 86' lang='lat' dir='ltr'>Terentius</span> <span class='ocrx_word' id='word_1_193' title='bbox 1065 3449 1184 3521; x_wconf 84' lang='lat' dir='ltr'>Varro.</span> <span class='ocrx_word' id='word_1_194' title='bbox 1203 3444 1321 3546; x_wconf 72' lang='lat' dir='ltr'>philo·</span> 
     </span>
     <span class='ocr_line' id='line_1_28' title="bbox 367 3553 1044 3654; baseline 0.009 -28"><span class='ocrx_word' id='word_1_195' title='bbox 367 3553 492 3651; x_wconf 80' lang='lat' dir='ltr'>sophus</span> <span class='ocrx_word' id='word_1_196' title='bbox 505 3578 613 3654; x_wconf 88' lang='lat' dir='ltr'>prope</span> <span class='ocrx_word' id='word_1_197' title='bbox 626 3553 875 3654; x_wconf 85' lang='lat' dir='ltr'>nonagenarius</span> <span class='ocrx_word' id='word_1_198' title='bbox 889 3554 1044 3632; x_wconf 87' lang='lat' dir='ltr'>moritur.</span> 
     </span>
    </p>
   </div>
   <div class='ocr_carea' id='block_1_3' title="bbox 445 4093 828 4190">
    <p class='ocr_par' dir='ltr' id='par_1_9' title="bbox 445 4093 828 4190">
     <span class='ocr_line' id='line_1_29' title="bbox 445 4093 828 4190; baseline -0.008 -24"><span class='ocrx_word' id='word_1_199' title='bbox 445 4093 573 4190; x_wconf 80' lang='lat' dir='ltr'>Scripta.</span> <span class='ocrx_word' id='word_1_200' title='bbox 588 4094 631 4169; x_wconf 85' lang='lat' dir='ltr'>R.</span> <span class='ocrx_word' id='word_1_201' title='bbox 645 4093 687 4165; x_wconf 81' lang='lat' dir='ltr'>R.</span> <span class='ocrx_word' id='word_1_202' title='bbox 708 4095 780 4170; x_wconf 71' lang='lat' dir='ltr'>Vos</span> <span class='ocrx_word' id='word_1_203' title='bbox 800 4093 828 4163; x_wconf 88' lang='lat'>1.</span> 
     </span>
    </p>
   </div>
   <div class='ocr_carea' id='block_1_4' title="bbox 0 0 1797 5084">
    <p class='ocr_par' dir='ltr' id='par_1_10' title="bbox 0 0 1797 5084">
     <span class='ocr_line' id='line_1_30' title="bbox 0 0 1797 5084; baseline 0 0"><span class='ocrx_word' id='word_1_204' title='bbox 0 0 1797 5084; x_wconf 95' lang='lat' dir='ltr'> </span> 
     </span>
    </p>
   </div>
  </div>
 </body>
</html>
