3509 5084
743 582 779 650 V
799 581 821 646 l
843 578 875 649 T
895 582 945 650 A.
1226 598 1320 655 cxix

363 751 467 831 unca,
479 741 603 841 negavit
623 766 664 842 ex
680 746 788 835 prada
808 746 976 837 quidquam
994 739 1118 840 rediise.
1145 745 1252 837 Neque
1270 763 1321 825 re·'‚
1400 750 1406 789 ¹·

354 859 512 951 prebendo
521 910 533 944 ,
549 858 673 948 inquit,
687 880 753 938 eos,
769 856 822 946 qui
837 855 911 924 binc
922 860 1154 924 emolumentum
1168 875 1320 945 captant,·

351 993 465 1038 -uerum
486 973 570 1038 malo
590 969 627 1035 de
649 966 758 1035 virtute
779 989 847 1034 curn
869 967 1014 1055 optimis,
1029 990 1122 1056 quam
1141 990 1209 1032 cum
1232 966 1318 1032 divi·

362 1078 446 1146 tibus
463 1080 499 1146 de
514 1076 669 1168 pecunia,
683 1068 716 1142 θ
729 1064 797 1142 cum
819 1073 1008 1168 auariffimis
1027 1097 1135 1143 certare
1150 1077 1187 1142 de
1198 1073 1317 1170 questu.

362 1185 470 1274 Neque
480 1183 519 1270 se
525 1181 631 1272 solum
643 1180 720 1270 ,scd
740 1177 771 1250 θ
785 1183 908 1250 comites
911 1181 992 1272 suos
1001 1175 1164 1279 prestabat
1177 1183 1216 1248 ab
1231 1180 1318 1251 omui

361 1312 493 1380 captura
511 1292 652 1380 integros.
672 1285 817 1356 Habebat
831 1315 867 1356 eo
887 1290 921 1355 in
938 1289 1015 1356 bello
1028 1286 1137 1377 servos
1158 1290 1317 1378 quiaque:

360 1400 473 1466 beorum
494 1420 592 1483 unus,
606 1398 730 1464 nomine
744 1399 887 1480 Poccus,
908 1419 966 1465 tres
982 1422 1094 1487 pucros
1109 1400 1181 1466 emit
1197 1402 1233 1464 de
1245 1411 1320 1470 nra-2

362 1507 481 1577 nubiis.
500 1508 598 1599 Quod
610 1509 665 1574 ubi
684 1506 806 1600 rescivit
822 1511 898 1575 Cato
912 1559 921 1592 ,
936 1508 1120 1599 priusquam
1138 1507 1173 1574 in
1189 1508 1318 1597 conspe·
1359 1514 1362 1519 ’

360 1617 441 1694 dum
463 1614 531 1699 ejus
557 1619 695 1701 venirat,
708 1615 921 1714 strangulavit
937 1618 974 1708 se
989 1641 1001 1684 .·
1018 1642 1130 1708 pueros
1161 1617 1239 1685 Cata
1251 1599 1336 1706 sub'

327 1791 330 1796 .
360 1724 446 1822 basa
465 1729 607 1794 uendidit
618 1760 631 1811 ,·
636 1729 826 1817 pretiumque
841 1727 944 1796 retulit
957 1729 1002 1795 ad
1018 1728 1196 1826 questorcm.

420 1833 512 1902 Dum
536 1836 639 1904 adbuc
659 1837 779 1927 agitio
802 1835 986 1927 Hispania,
1010 1839 1118 1928 Scipio
1138 1833 1316 1924 Africanus

354 1940 513 2035 superior,
527 1948 582 2035 qui
590 1942 784 2040 fimultatcm
802 1971 870 2014 curn
883 1973 919 2014 co
927 1948 1058 2038 gerebat,
1072 1947 1195 2035 cupiens
1208 1966 1316 2015 tantas

361 2077 407 2120 res
422 2057 534 2145 gerenti
553 2053 710 2150 obfistere,
731 2050 763 2122 (e
786 2080 830 2124 res
850 2054 1045 2146 Hispanico
1061 2053 1235 2145 suscipere,
1243 2081 1315 2145 per·

355 2159 453 2248 fecit,
468 2185 502 2230 ut
514 2158 668 2258 successor
690 2166 724 2230 in
748 2166 805 2231 illa
820 2167 988 2255 provincia
1009 2165 1137 2231 Catonis
1160 2184 1316 2234 crearetur.

364 2266 468 2362 Igitur
484 2276 632 2341 maximis
644 2275 806 2342 itineribus
818 2271 974 2363 proserius
995 2273 1315 2363 accepitprovinciam

365 2403 388 2445 a
413 2379 533 2449 Catone.
552 2382 639 2473 Qui,
652 2383 783 2472 acceptis
794 2384 936 2472 peditum
955 2385 1086 2473 quinque
1098 2376 1318 2451 cohortibus&

254 2488 257 2493 ’
361 2487 535 2579 quingentis
551 2490 721 2581 equitibus,
738 2493 790 2581 qui
804 2494 980 2560 deducerent
988 2492 1045 2582 se,
1055 2492 1181 2584 subegit
1198 2515 1316 2583 gentem

360 2599 583 2667 Lacetanoncm
598 2604 767 2691 :aquibus
788 2623 918 2691 receptos
928 2599 1079 2692 perfugas
1083 2600 1251 2692 sexcentos
1258 2601 1316 2691 se·

360 2706 428 2772 curi
440 2705 589 2802 percuffit.
603 2709 652 2776 Ob
663 2733 728 2800 qua
742 2711 959 2802 indignantem
978 2709 1154 2798 Scipionem
1168 2712 1316 2798 irridens,

295 2821 299 2826 ’
359 2815 411 2882 Ita
432 2816 581 2903 demum,
603 2819 674 2902 ait,
689 2843 837 2911 magnam
859 2821 996 2888 Romam
1015 2815 1109 2905 sore,
1118 2816 1156 2913 st
1178 2819 1256 2885 clari
1282 2813 1315 2887 ὃ

357 2921 475 3009 summi
490 2929 553 2995 uiri
573 2931 694 2996 virtutis
716 2930 841 3020 primns
862 2955 928 2997 reon
949 2931 1140 2996 concederent
1158 2927 1316 3017 obscurio·

361 3032 445 3115 ribus
458 3055 472 3098 .·
480 3033 664 3126 plebcjique,
679 3040 781 3127 qualis
801 3038 864 3128 ipse
880 3031 966 3133 effer,
980 3060 1049 3105 cum
1063 3036 1143 3117 illis,
1157 3034 1210 3123 qui
1222 3035 1315 3104 nobi·

362 3137 495 3213 lirare&
514 3149 652 3214 claritate
664 3146 840 3228 emineant,
860 3145 1116 3216 contenderentde
1128 3146 1245 3214 uirtute.
1261 3145 1317 3213 Ce-

258 3342 261 3347 ,
361 3271 455 3319 terum
474 3279 543 3322 cum
553 3254 685 3344 senatus
705 3253 882 3353 censuiffit,
903 3284 941 3326 ne
962 3255 1031 3326 aila
1053 3257 1184 3323 Catonis
1203 3254 1317 3344 rescin-

362 3361 522 3448 derantur,
536 3370 586 3434 val
597 3390 805 3453 mouerentur,
820 3371 981 3459 Scipionis
994 3368 1161 3457 prouincia
1172 3369 1209 3435 de
1221 3363 1317 3461 ipsus

310 3566 314 3575 ¹
361 3470 590 3562 magis,quam
602 3477 638 3542 de
653 3477 783 3545 Catonis
797 3470 955 3566 decerpens
972 3477 1093 3565 gloria,
1107 3478 1195 3543 nullo
1209 3499 1315 3563 reper·
1347 3566 1353 3577 ἱ

356 3602 481 3670 petraea
500 3582 536 3650 in
555 3589 623 3655 otio¹
640 3588 847 3678 nequidquam
864 3587 1021 3679 prateriis,
1036 3584 1111 3683 Post
1127 3587 1316 3675 triumphum
1355 3670 1358 3678 Ι
1406 3644 1408 3648 ,

364 3692 462 3779 Cato,
477 3719 545 3762 non
563 3720 597 3764 uc
603 3700 762 3788 plerique,
777 3698 830 3787 qui
844 3721 909 3765 non
926 3697 1066 3767 uirtutem
1083 3694 1225 3789 spec‘lant·
1233 3744 1245 3778 ,
1261 3691 1319 3780 scd

358 3803 514 3893 gloriam,
528 3807 581 3874 ubi
594 3808 640 3873 ad
650 3811 767 3875 culmen
779 3804 932 3896 evaserint
943 3807 1111 3892 bonorum,
1124 3803 1329 3893 consulatum·
1344 3802 1348 3808 ”

360 3931 450 4000 atque
469 3915 645 4005 triumphos
650 3912 723 4013 fine
742 3909 883 4011 nsecut'i,
893 3913 965 4000 jam
983 3919 1144 4005 deinceps,
1159 3908 1261 3979 reliiba
1272 3932 1320 3981 rt·
1381 3968 1382 3971 η

354 4021 511 4114 publica,
525 4025 560 4093 in
580 4028 751 4118 uoluptates
771 4028 947 4127 demergunt
954 4025 993 4119 se
1013 4020 1184 4115 borium,
1199 4023 1245 4094 ita
1256 4020 1319 4116 ipse

623 4193 625 4198 ,
1060 4154 1080 4203 e
1108 4156 1140 4228 3.
