3509 5084
853 500 869 540 s

710 586 788 708 Vc!
814 585 912 655 TA.
1191 607 1301 661 txvn
1396 620 1399 627 ·

275 774 281 781 ·
338 773 406 821 tum
428 747 468 818 iis
488 746 525 821 ire
536 748 675 837 patriam
696 747 950 831 concedentibus,
967 745 1034 814 illis
1048 747 1298 839 denegantibus.-

336 862 503 953 exsurgens
523 860 619 942 Cato,
639 853 887 954 Qteeestnonfit‚
901 859 967 941 ait,
980 859 1059 946 quid
1076 883 1230 951 agamus,
1245 864 1300 929 de·
1357 906 1360 913 ·

327 974 473 1076 fidemus
490 971 538 1039 bie
557 993 654 1040 tatum
677 970 757 1036 diem
769 1019 780 1053 ‚
794 971 831 1037 de
843 967 976 1059 senibus
1001 970 1151 1040 Graculis
1169 997 1302 1064 quaran·
1335 960 1337 963 ⁸

295 1075 298 1079 ⁵
340 1108 407 1172 tes,
426 1085 476 1153 bic
489 1109 511 1151 a
527 1080 657 1179 nostris,
674 1104 717 1147 an
731 1078 766 1146 in
779 1075 912 1164 Acbaja
924 1130 934 1164 ,
946 1106 967 1148 a
975 1077 1215 1171 sandapilariis
1229 1079 1302 1178 effl-

341 1206 462 1264 rantur.
482 1193 618 1261 Decreta
635 1189 687 1256 bis
702 1187 821 1257 Gracis
839 1190 955 1271 reditu,
966 1191 1079 1279 paucis
1093 1193 1199 1260 diebus
1212 1185 1304 1263 intir-

335 1302 474 1400 pttsbte's,
490 1300 637 1391 querebat
657 1299 815 1388 Polybius
835 1297 944 1366 iterum
955 1296 1105 1386 senatum
1119 1297 1185 1394 fibi
1207 1303 1279 1371 dari
1289 1354 1303 1387 ,

341 1435 380 1478 ut
388 1408 539 1507 pristinos
554 1410 681 1476 bonores
699 1408 858 1497 reciperent
878 1405 1019 1496 exsules,
1032 1432 1108 1497 quos
1129 1409 1302 1480 babuerunt

312 1558 316 1573 ι
342 1522 382 1588 in
395 1515 543 1601 Acbaja,
553 1542 591 1583 ac
600 1513 789 1606 sententiam
806 1517 936 1583 Catonis
947 1517 1151 1606 pertentabat.
1169 1518 1237 1610 Qui
1249 1548 1304 1591 ar·
1339 1539 1346 1557 '

344 1629 471 1710 ridens,
494 1626 688 1721 Polybium,
712 1625 760 1692 ait
774 1675 786 1707 ‚
799 1622 884 1720 ficut
905 1620 1075 1720 lllyffcm,
1102 1627 1210 1696 iterum
1230 1636 1305 1702 uelle

247 1784 250 1789 «
347 1740 493 1831 Cyclopis
501 1737 707 1828 speluncam,
723 1739 808 1828 quod
820 1739 939 1827 pileum
957 1741 1024 1805 illic
1039 1732 1242 1833 &cingulum
1248 1769 1307 1834 per

346 1852 531 1920 obliuionem
555 1842 736 1942 reliquiffirt‚
744 1845 859 1937 fiebire.
880 1849 1063 1937 Sapientes,
1071 1845 1213 1939 ferebat,
1233 1878 1306 1920 ma·

340 1959 449 2048 jarem·
457 1957 596 2048 fruclum
624 1958 665 2027 ab
690 1955 924 2052 infipe'entibus,
941 1983 1033 2048 quam
1057 1956 1232 2051 infipienm
1250 1989 1306 2033 ea·

344 2095 412 2161 pere
437 2097 457 2138 a
474 2070 699 2162 sapientibus:
718 2069 772 2136 lcos
792 2070 872 2136 enim
894 2092 1053 2158 perperam
1067 2064 1159 2155 salla
1179 2074 1305 2141 illorum

349 2176 503 2258 deuitare,
518 2181 590 2245 illos
613 2177 720 2244 beorum
739 2201 803 2243 nore
828 2176 948 2242 imitari
968 2170 1039 2241 rec'lc
1053 2173 1153 2260 facila.
1173 2177 1308 2248 Iuvenes

352 2285 475 2354 dicebat
493 2283 593 2376 magis
609 2287 728 2375 plaeere
730 2281 799 2380 fibi
808 2333 819 2368 ,
836 2285 890 2373 qui
904 2281 1121 2372 erubescerent,
1142 2310 1236 2374 quam
1256 2289 1310 2377 qui

347 2392 554 2488 pallescerent.
577 2395 672 2461 Nolle
692 2396 823 2462 militem
835 2392 895 2484 se,
909 2395 963 2483 qui
986 2391 1220 2463 intereundum
1240 2386 1329 2465 mar

350 2528 435 2588 nus,
454 2504 489 2570 ire
502 2503 679 2594 pugnando
699 2523 830 2569 moueret
839 2503 932 2590 pedes
941 2527 957 2584 ;
972 2502 1025 2591 qui
1032 2499 1165 2600 sterteret
1185 2504 1285 2586 alcius¹
1295 2557 1309 2594 ,
1361 2581 1365 2589 ²

248 2697 254 2708 Ι
351 2638 446 2706 quam
468 2613 503 2679 in
519 2612 632 2700 proelio
642 2607 795 2696 fremeret.
816 2613 1028 2702 Prapinguem
1056 2614 1206 2702 quendam
1229 2616 1310 2708 abre·

353 2748 443 2809 rens,
461 2725 530 2790 Ubi
545 2714 607 2790 tale
631 2746 740 2811 eorpus
754 2771 765 2808 ,
781 2724 904 2812 inquit,
917 2723 990 2790 utile
997 2720 1046 2817 fit
1067 2725 1259 2813 reipublice,
1276 2728 1312 2795 in

353 2860 435 2924 quo,
448 2837 532 2925 quad
550 2835 630 2902 inter
639 2837 744 2924 gulam
761 2828 940 2924 &inguina
961 2831 1078 2928 interest
1086 2833 1190 2921 spatii
1198 2883 1210 2916 ‚
1224 2861 1313 2905 omne

355 2966 484 3034 occupat
508 2942 642 3012 uenter?
668 2943 746 3009 Cum
770 2942 967 3031 voluptarius
992 2942 1117 3029 quidam
1144 2944 1315 3014 contrabat

355 3056 479 3123 eum'ea
497 3075 614 3142 cuperet
631 3051 878 3142 conficetudinem
892 3102 902 3133 ,
918 3054 1055 3119 abnuens
1069 3053 1200 3144 negabat
1216 3057 1315 3125 uiuere

348 3164 390 3256 se
405 3160 485 3260 pose
507 3189 578 3232 eum
600 3164 742 3252 bomine,
760 3166 815 3256 qui
822 3168 988 3255 palatum,
1002 3187 1095 3254 quam
1110 3187 1181 3246 tor,
1198 3165 1318 3234 baberet

357 3273 475 3341 acriore
479 3271 577 3365 sensu
589 3273 769 3364 preditum.
789 3274 944 3344 Amantis'
969 3273 1090 3341 dicebat
1112 3273 1255 3339 animum
1280 3277 1316 3343 in

358 3381 466 3450 alieno
481 3382 575 3449 uivere
594 3407 724 3472 corpore.
744 3383 852 3450 Trium
862 3368 900 3471 si
916 3406 974 3470 per
991 3399 1088 3446 totam
1103 3379 1200 3444 uitam
1211 3383 1318 3470 poeni·

358 3480 472 3581 tuiffc:
487 3487 618 3573 Unum,
633 3490 719 3577 quod
735 3490 857 3554 mulieri
874 3509 1023 3553 areanum
1039 3481 1205 3580 credidiset
1212 3513 1229 3569 ;
1242 3492 1320 3555 alte·

360 3622 449 3680 rum,
464 3598 549 3686 quod
557 3590 749 3692 nauigasat‚
763 3622 822 3688 quo
835 3598 877 3664 irc
883 3615 1007 3687 poterat
1013 3588 1165 3685 pedibus}
1176 3599 1318 3681 tertium,
1373 3620 1376 3625 ’

359 3709 446 3799 quod
461 3731 560 3775 unum
582 3709 662 3774 diem
678 3734 735 3798 per
756 3709 909 3775 incuriam
928 3706 1053 3773 inanem
1074 3703 1188 3802 effluere
1202 3728 1322 3795 patere.-

361 3838 420 3884 tur.
434 3817 604 3907 Adsertem
618 3819 752 3906 improbe
766 3839 923 3912 agentem,
945 3817 1015 3902 Tu,
1027 3815 1147 3905 inquit,
1162 3815 1238 3880 bone
1254 3816 1323 3899 uir,

354 3925 504 4017 finefluti
520 3927 628 3998 multis
643 3930 786 4019 obnoxia
795 3931 1002 4021 probris'nali
1024 3925 1246 4016 turpitudinem
1260 3925 1323 3992 ad·
1488 4002 1490 4006 ¹

357 4037 486 4134 jungere
507 4041 592 4114 uitii.
615 4044 676 4111 Ad
690 4041 845 4113 tribunum
864 4041 985 4134 plebis,
1000 4036 1053 4128 qui
1075 4029 1212 4122 ueneficii
1233 4032 1323 4124 insa·
1411 4043 1413 4045 ’
1447 4062 1455 4079 ·

1067 4161 1086 4210 Ε
1113 4162 1133 4209 2
1163 4201 1169 4215 .
