3509 5084
476 561 550 642 ω
622 551 672 623 M.
696 549 976 623 Taurum
1001 488 1300 653 vnnuours

462 734 465 741 ·
527 715 603 783 VH.
627 709 899 803 STOL0,Quod
921 709 963 782 ad
986 709 1073 781 hanc
1095 705 1238 779 formam
1261 706 1453 782 naturalem

476 823 647 923 pertinet,
662 824 704 895 de
717 825 760 895 eo
773 847 845 895 non
860 820 1082 896 incommode
1097 819 1186 891 Cato
1202 818 1340 892 videtur
1355 819 1454 893 dice·

473 929 539 1022 te,
554 958 632 1006 cum
656 932 791 1022 scribit,
806 931 977 1027 optimum
996 955 1114 1028 agrum
1137 929 1224 1024 essex,
1244 929 1306 1027 <pri
1321 929 1384 1003 sub
1397 957 1455 1003 ra-

478 1043 696 1117 dicemontis
716 1042 796 1115 situs
809 1041 870 1128 srt,
885 1043 924 1116 dt
938 1040 1061 1137 spedet
1079 1041 1119 1114 ad
1134 1038 1351 1114 meridianam
1367 1038 1458 1115 coeli

480 1173 620 1252 partem.
642 1151 787 1246 subjicit
804 1154 977 1240 Scuofn,
999 1153 1056 1224 De
1081 1149 1203 1227 formae
1226 1150 1358 1225 cultura
1380 1151 1459 1227 hoc

478 1265 581 1354 dico,
597 1290 675 1363 quae
689 1263 797 1359 specie
813 1261 896 1336 fiant
910 1262 1126 1354 venustiora,
1139 1262 1253 1360 sequi,
1265 1267 1304 1337 u't
1319 1260 1458 1358 majore

481 1401 623 1474 quoque
646 1376 755 1449 fructu
776 1374 862 1449 smt:
880 1393 919 1451 ut
940 1375 998 1472 qui
1022 1365 1147 1454 habent
1168 1375 1360 1464 arbusta,fi
1384 1374 1459 1448 sata
1502 1376 1504 1382 ’

359 1539 360 1548 1
456 1529 461 1542 ι
482 1485 559 1559 sunt
577 1486 613 1558 in
629 1486 880 1584 quincuncem,
903 1504 1045 1584 propter
1068 1487 1209 1560 ordines
1225 1508 1326 1582 atque
1348 1486 1460 1562 inter!

481 1594 574 1670 valla
589 1594 733 1668 modica.
758 1598 875 1692 Itaque
892 1595 1040 1689 majores
1052 1595 1160 1670 nostri
1177 1621 1223 1669 ex
1246 1619 1334 1668 arvo
1356 1617 1460 1691 aeque

481 1727 631 1800 magno,
644 1702 698 1775 sed
711 1702 798 1776 male
812 1703 964 1793 contro,
980 1706 1018 1779 δι
1031 1705 1145 1779 minus
1157 1706 1322 1795 multum,
1335 1705 1375 1779 δι
1387 1703 1461 1776 mi·
1519 1795 1520 1800 ἵ

481 1835 547 1886 nus
563 1812 695 1886 bonum
709 1810 884 1886 'faciebant
907 1814 1029 1895 vinum
1049 1818 1089 1893 &
1102 1815 1317 1893 ,frumentum
1331 1867 1344 1905 ‚
1357 1813 1460 1912 quod

482 1946 572 2020 quae¹
585 1922 646 1996 suo
668 1921 815 2020 quidque
833 1922 917 1997 loco
938 1923 1015 1999 sunt
1040 1925 1168 2021 posita,
1187 1949 1228 1998 ea
1250 1922 1361 1998 minus
1383 1922 1461 1999 loci

484 2051 678 2127 occupant,
692 2035 731 2107 δι
747 2032 860 2106 minus
874 2033 983 2108 officit
1002 2035 1094 2109 aliud
1109 2035 1166 2109 alii
1184 2035 1228 2109 ab
1242 2034 1313 2107 sole
1323 2088 1335 2126 ,
1347 2060 1388 2111 ac
1403 2034 1463 2109 lus·

484 2165 555 2230 na,
569 2141 609 2215 &
632 2159 750 2228 vento.
769 2141 849 2213 Hoc
866 2140 947 2216 licet
969 2142 1165 2240 conjectura
1186 2130 1310 2236 videre¹
1326 2168 1370 2217 ex
1393 2142 1461 2215 ali·

484 2268 577 2350 quot
598 2252 724 2341 rebus,
747 2268 785 2323 ut
809 2274 919 2324 nuceo
941 2251 1110 2352 integras,
1129 2278 1214 2351 quas
1236 2278 1308 2327 uno
1335 2253 1462 2328 modio

469 2361 780 2456 ‘comprehendere
807 2358 933 2457 poffis,
956 2361 1051 2457 quod
1081 2362 1256 2457 putamina
1286 2362 1347 2434 suo
1374 2360 1464 2436 loco

450 2560 452 2568 s
484 2492 631 2568 quaeque
644 2469 743 2542 habet
755 2487 874 2540 natura
890 2469 1099 2565 conposita,
1112 2494 1191 2543 cum
1206 2471 1337 2543 easdem
1353 2470 1377 2541 fi
1391 2468 1463 2547 free

351 2615 360 2628 ·
485 2578 593 2679 geris,
618 2577 679 2652 vix
698 2576 926 2676 sesquimodio
949 2577 1134 2674 concipere
1156 2579 1271 2677 poffis.
1293 2580 1464 2652 Praeterea

389 2709 392 2715 ’
485 2710 563 2782 quae
578 2686 716 2758 arbores
737 2686 772 2757 in
785 2687 941 2761 ordinem
965 2687 1042 2760 satae
1066 2685 1163 2776 sunt,
1177 2713 1234 2761 eas
1246 2688 1465 2785 aequabiliter

412 2798 414 2801 ’
485 2823 531 2872 ex
545 2797 705 2870 omnibus
718 2797 868 2894 partibus
891 2795 944 2872 sol
958 2823 1002 2879 ,ac
1014 2798 1095 2869 luna
1114 2816 1281 2896 coquunt.
1302 2822 1374 2894 quo
1395 2797 1465 2892 tit,·

487 2929 527 2983 ut
551 2933 637 2981 uvae,
655 2909 694 2982 &
714 2907 801 2982 oleae
829 2908 944 3006 plures
967 2906 1166 2998 nascantur,
1187 2909 1226 2982 δι
1250 2925 1289 2980 ut
1314 2901 1466 2983 celerius

485 3036 699 3115 coquantur,
714 3044 796 3118 quas
810 3044 863 3093 res
881 3022 964 3092 duas
984 3012 1170 3114 sequuntur
1187 3017 1291 3092 altera
1303 3016 1360 3088 illa
1374 3017 1464 3109 duo,

378 3179 380 3182 >
489 3143 528 3200 ut
544 3127 619 3221 plus
635 3126 775 3200 reddant
798 3127 896 3199 musti
919 3130 958 3200 δι
980 3127 1050 3199 olei
1061 3126 1123 3218 ,&
1142 3125 1243 3222 pretii
1263 3125 1380 3222 pluris.
1399 3127 1466 3209 Se&

488 3237 605 3332 quitur
618 3235 803 3310 secundum
822 3236 925 3325 illud,
943 3233 1036 3331 quali
1054 3252 1141 3307 terra
1159 3228 1270 3306 solum
1286 3234 1326 3307 sit
1339 3232 1464 3326 fundi,'

319 3379 321 3384 ¹
421 3434 423 3440 Ι
489 3368 591 3441 aqua
611 3363 704 3440 parte
720 3344 777 3417 vel
793 3341 938 3449 manime
960 3331 1094 3433 bontis',
1108 3359 1165 3417 aut
1181 3367 1253 3415 non
1268 3342 1382 3416 bonus
1399 3369 1465 3439 ap-,

408 3512 413 3522 .
488 3452 644 3551 pelletur.
663 3452 781 3527 Refert
799 3452 914 3541 enim,
928 3478 1005 3552 quae
1018 3476 1071 3527 res
1083 3450 1119 3525 in
1138 3475 1182 3525 eo
1200 3450 1264 3526 seri
1282 3452 1442 3548 nascique
1447 3475 1486 3550 ,χ

420 3570 440 3657 j
490 3559 739 3658 &cujusmodi
760 3564 898 3661 poffint.
921 3566 1005 3639 Non
1029 3560 1118 3636 enim
1142 3563 1260 3636 eadem
1284 3562 1400 3635 omnia
1423 3561 1481 3669 in

461 3706 465 3717 ·
489 3673 612 3747 eodem
632 3697 717 3771 agro
740 3673 827 3745 rede
849 3673 995 3770 potsunt.
1020 3698 1101 3772 narn
1119 3689 1157 3745 ut
1176 3672 1260 3746 alius
1277 3670 1323 3744 est
1343 3670 1386 3773 ad
1404 3671 1481 3751 vi·.'

368 3828 372 3837 ·
465 3800 469 3806 '
489 3797 559 3854 tem
582 3778 774 3877 appositus,
795 3779 880 3853 alius
901 3781 949 3852 'ad
977 3780 1206 3873 frumentum,
1228 3781 1274 3853 src
1301 3780 1343 3853 de
1368 3798 1466 3860 cete·¹

489 3891 537 3971 ris
561 3890 657 3998 alius'
672 3891 714 3964 ad
738 3889 836 3979 aliam
861 3894 1101 3992 remittique.
1118 3894 1231 3965 Cretae
1256 3891 1298 3963 ad
1324 3892 1467 3992 corty÷

467 4001 584 4102 ¹piam
604 4002 727 4085 dicitur
751 4002 906 4109 platanus
928 4000 1012 4103 effe,
1038 4029 1116 4105 quae
1142 3998 1227 4090 solia
1248 3999 1360 4088 hieme
1385 4024 1466 4075 non
