3509 5084
378 525 386 539 '
474 545 547 645 ηι
619 541 1297 661 ιιιειιιιιιτιινιιιιιοιιις

475 724 565 805 quot
583 728 705 800 genera
726 703 822 776 insita
847 682 932 793 fini,
952 727 1024 775 uno
1048 703 1116 776 iem
1135 722 1189 775 tot
1207 701 1348 774 fulmina
1368 699 1446 775 fieri

463 808 576 913 illud,
590 816 686 915 quod
699 815 829 889 fulmen
847 815 1018 913 concepit.
1041 814 1064 886 si
1078 816 1112 886 in
1127 812 1238 910 pirum
1257 813 1449 888 lilvaticam

391 940 397 959 “
473 923 640 999 inseveris
657 924 769 1020 pirum
787 923 945 1022 quamvis
959 924 1109 1011 bonam,
1127 946 1200 995 non
1215 921 1291 995 fore
1305 940 1375 996 tam
1389 923 1447 1018 ju·

473 1036 645 1131 cundum,
660 1060 762 1132 quam
782 1034 856 1107 liin
875 1022 970 1123 eam,
983 1059 1058 1130 quae
1075 1031 1229 1106 lilvellris
1249 1056 1322 1105 non
1335 1033 1385 1105 srt.
1405 1036 1445 1105 ln

430 1224 435 1231 ¹
472 1166 712 1239 quamcunque
725 1142 882 1215 arborem
897 1138 1238 1234 inseras,s1ejusdem
1252 1139 1385 1238 generis
1397 1138 1448 1212 est

472 1250 666 1339 dumtaxat,
681 1270 717 1323 ut
735 1252 773 1322 lit
792 1270 934 1348 utraque
951 1249 1074 1340 malus,
1088 1250 1133 1320 ita
1146 1247 1289 1321 inserere
1302 1266 1446 1345 oportet

473 1358 677 1433 referentem
697 1362 739 1433 ad
752 1360 919 1450 fructum,
934 1361 1067 1433 meliori
1082 1379 1254 1457 generent
1270 1360 1310 1432 srt
1325 1361 1447 1433 surcu-

473 1470 548 1559 lus,
564 1496 664 1567 quam
680 1471 744 1557 est,
760 1496 832 1569 quo
847 1469 980 1559 veniat,
993 1471 1106 1541 arbor.
1127 1469 1183 1540 Est
1197 1470 1300 1541 altera
1319 1466 1447 1562 species

473 1602 519 1651 ex
542 1578 664 1649 arbore
677 1578 711 1647 in
732 1579 887 1649 arborem
905 1577 1070 1653 inferendi
1088 1600 1196 1672 nuper
1214 1573 1448 1648 animadversa

472 1687 513 1762 in
539 1689 715 1760 arboribus
743 1689 955 1784 propinquis.
982 1691 1034 1759 Ex
1061 1688 1206 1775 arbore,
1231 1711 1250 1758 e
1273 1710 1340 1783 qua
1363 1680 1446 1785 ¹quis

474 1798 551 1873 vult
566 1799 688 1870 habere
703 1799 889 1887 surculum,
906 1797 941 1869 in
954 1823 1050 1887 eam,
1066 1822 1170 1894 quam
1185 1796 1330 1869 inserere
1342 1794 1448 1883 vult,
1464 1786 1467 1793 ¹

472 1908 641 1997 ramulum
657 1910 821 1993 traducit,
837 1911 874 1982 &
892 1907 928 1977 in
943 1904 1014 2002 ejus
1036 1932 1131 1979 ramo
1150 1905 1315 2002 praeciso,
1335 1929 1374 1977 ac
1391 1902 1445 1974 di-

472 2011 550 2087 fillo
565 2016 716 2113 implicat
726 2002 932 2089 eumlocum
944 2070 957 2104 ,
970 2016 1030 2114 qui
1042 2015 1224 2113 contingit.
1238 2041 1282 2088 err
1300 2034 1445 2111 utraque

472 2146 586 2225 parte,
604 2129 698 2223 quod
716 2129 809 2200 intro
830 2127 900 2216 eu,
921 2126 1007 2201 falce
1030 2148 1252 2216 extenuatur,
1269 2128 1314 2201 ita
1339 2144 1381 2198 ut
1400 2148 1444 2197 ex

472 2260 541 2308 una
558 2253 672 2332 parte,
685 2237 782 2334 quod
795 2238 926 2313 coelum
946 2236 1094 2310 visurum
1106 2236 1173 2326 est,
1185 2235 1350 2313 corticem
1364 2259 1445 2306 cum

475 2347 606 2421 cortice
625 2366 838 2444 exaequatum
861 2347 991 2420 habeat.
1010 2346 1092 2443 Ejus
1108 2347 1250 2436 ramuli,
1264 2370 1367 2445 quem
1388 2344 1472 2441 in·'¹

474 2459 619 2547 sereret,
635 2484 798 2532 cacumen
816 2476 855 2530 ut
870 2459 1031 2531 diretrum
1048 2458 1088 2530 fit
1105 2459 1147 2532 ad
1164 2458 1315 2546 coelum,
1335 2476 1444 2532 curat.

473 2570 617 2643 Postero
635 2595 728 2644 anno
743 2596 822 2645 cum
833 2570 1110 2668 comprehendit,
1120 2571 1211 2644 unde
1222 2588 1449 2669 propagatum

472 2677 539 2766 est,
555 2679 611 2768 [ab
629 2679 732 2765 altera
746 2680 882 2770 arbore]
904 2681 1066 2780 praecidit
1138 2750 1143 2759 ,
1474 2676 1478 2685 ’

523 2792 614 2865 XLr.
638 2794 723 2885 Quo
747 2812 903 2888 tempore
925 2817 1069 2889 quaeque
1091 2790 1286 2877 transferas,
1309 2789 1383 2862 haec
1407 2789 1448 2862 in

474 2900 775 3001 primis‘videnda,
789 2902 886 2998 quod
899 2927 978 3000 quae
992 2902 1086 2998 prius
1098 2924 1205 2975 verno
1219 2920 1374 2996 ternpore
1389 2900 1457 3005 in··

474 3010 692 3100 ferebantur,
716 3035 809 3084 nunc
832 3010 934 3083 etiam
957 3009 1140 3101 solstitiali,
1160 3026 1199 3083 ut
1224 3005 1328 3097 ficus,
1348 3009 1447 3107 quod

474 3121 735 3227 denfamateria
759 3124 914 3213 nonest,
929 3126 967 3197 &
991 3124 1071 3198 ideo
1092 3124 1243 3224 sequitur
1260 3123 1448 3198 caldorem.

475 3232 507 3301 A
528 3252 600 3323 quo
614 3226 672 3317 fir,
685 3248 725 3301 ut
744 3230 781 3302 in
804 3230 892 3305 locis
912 3230 1040 3327 frigidis
1060 3228 1158 3303 ficeta
1179 3229 1253 3301 fieri
1268 3254 1341 3299 non
1365 3229 1446 3325 pos-

474 3334 551 3409 lint.
563 3338 662 3431 Aqua
675 3336 805 3410 recenti
817 3337 920 3411 insito
933 3334 1079 3410 inimica.
1092 3335 1254 3407 tenellum
1269 3336 1361 3407 enim
1375 3337 1447 3411 cito

473 3445 559 3520 facit
583 3466 692 3542 putre.
711 3451 827 3546 Itaque
843 3448 940 3544 quod
962 3445 1116 3521 inseritur
1140 3445 1303 3519 caniculae
1324 3446 1445 3543 signo,

472 3555 745 3629 commodissime
759 3555 966 3628 existimatur
980 3557 1090 3629 inferi.
1104 3581 1184 3654 quae
1198 3573 1313 3627 autem
1328 3574 1447 3626 natura

476 3666 591 3773 minus
604 3666 679 3739 sunt
694 3667 828 3754 mollia,
842 3693 904 3741 vas
917 3667 1059 3767 aliquod
1073 3665 1171 3762 supra
1183 3664 1339 3777 alligant,
1356 3666 1449 3737 unde

476 3776 578 3849 stillet
592 3777 682 3851 lente
693 3802 800 3873 aqua,
816 3803 859 3848 ne
875 3778 968 3873 prius
979 3777 1147 3851 exarescat
1160 3777 1330 3863 surculus,
1343 3799 1448 3871 quam

476 3885 654 3961 coalescat.
679 3885 776 3981 cujus
800 3887 923 3960 surculi
944 3887 1107 3961 corticem
1123 3887 1291 3985 integrum
1308 3884 1449 3966 servan-

476 3992 579 4088 dum,
594 3998 634 4071 &
646 4021 724 4070 eum
740 3995 786 4069 fic
799 3994 1056 4094 exacuendum,
1071 4012 1196 4068 utnon
1211 3992 1360 4065 denudes
1374 4016 1450 4066 me·
