3509 5084
460 546 464 552 ’
575 559 648 632 ur.
672 557 740 628 nu
764 554 1015 630 nustrct
1040 560 1136 632 utu.
1160 560 1185 632 1.
1289 583 1358 656 ιη

399 738 504 812 opere
525 715 686 803 discedat,
703 741 742 789 ac
762 714 918 812 profestis
937 715 1054 790 diebus
1070 716 1217 789 ambulet
1237 717 1356 793 seriata

397 827 534 920 potius,
547 852 647 920 quam
661 848 766 921 opere
787 824 944 898 faciundo
967 851 1078 924 agrum
1094 825 1352 900 trutmofiorem
1390 880 1392 885 -
1417 850 1419 857 ·

397 934 522 1005 reddat.
544 937 658 1029 ltaque
673 930 752 1006 ideo
767 933 916 1006 Sasernae
935 933 1020 1006 liber
1035 935 1206 1031 praecipit,
1220 961 1262 1006 ne
1280 936 1357 1032 quis

397 1038 439 1109 de
450 1037 557 1110 fundo
568 1034 1359 1142 exeatpraetervilicum&promum&unum
1474 1038 1476 1043 ’

397 1169 497 1241 quem
511 1146 634 1221 vilicus
647 1148 744 1246 legat.
767 1149 881 1246 saquis
894 1170 1012 1222 contra
1028 1149 1167 1238 exierit,
1182 1174 1223 1223 ne
1241 1151 1359 1246 impu··

397 1281 441 1328 ne
458 1258 565 1333 abeat.
586 1260 611 1331 st
627 1260 764 1346 abierit,
779 1276 816 1331 ut
834 1260 869 1331 in
890 1254 1031 1333 viiicu‘m
1056 1259 1356 1342 animadvertatur:

395 1367 503 1457 Quod
520 1366 633 1462 potius
646 1366 691 1440 ita
704 1366 967 1463 praecipiendum
984 1367 1050 1439 fuit
1057 1422 1069 1456 ‚
1084 1394 1126 1440 ne
1140 1368 1215 1463 quis
1228 1367 1353 1462 injuffu

396 1473 494 1546 vilici
507 1474 646 1563 exierit,
660 1500 769 1572 neque
783 1475 904 1547 vilicus
918 1474 1039 1570 injussu
1052 1476 1183 1548 domini
1197 1469 1355 1574 longino,

394 1604 496 1676 quam
524 1600 561 1653 ut
584 1583 703 1653 eodem
729 1583 782 1654 die
806 1574 963 1672 redierit,
985 1610 1093 1680 neque
1121 1586 1155 1657 id
1178 1586 1354 1677 crebrum,
1473 1616 1476 1623 ·

395 1698 495 1784 quam
509 1715 596 1787 opus
608 1692 685 1763 effer
699 1692 819 1766 fundo.
829 1694 949 1766 Tertio
964 1696 1106 1766 eundern
1123 1693 1264 1768 fundum
1277 1695 1352 1773 frus

394 1798 594 1870 &uofiorern
615 1797 745 1872 faciunt
760 1799 905 1872 vedum
915 1801 963 1886 ,fi
979 1801 1045 1873 viae
1060 1800 1155 1889 sunt,
1170 1828 1236 1900 qua
1252 1801 1352 1899 plau·

394 1906 457 1979 stra
471 1908 524 2004 agi
541 1907 639 1979 facile
655 1906 802 2002 poffint:
817 1925 874 1979 aut
895 1907 1035 1981 flumina
1050 1910 1262 2004 propinqua,
1282 1933 1350 2007 qua

393 2016 547 2112 navigari
568 2015 678 2113 poffit.
699 2014 822 2112 quibus
841 2015 989 2112 utrisque
1007 2017 1105 2090 rebus
1126 2018 1226 2090 evehi
1249 2036 1353 2112 atque

392 2121 529 2214 invehi,
543 2127 585 2196 ad
596 2124 700 2196 multa
713 2123 836 2219 pradia
850 2122 976 2197 scimus.
988 2127 1123 2217 Quarto
1137 2123 1238 2197 refert
1246 2125 1350 2199 etiam

392 2235 434 2305 ad
449 2234 593 2323 fruduS,
604 2233 887 2330 quemadmodum
901 2233 1033 2307 vicinus
1044 2234 1080 2306 in
1096 2232 1249 2307 confinio
1264 2260 1348 2308 con·

392 2343 490 2415 fitum
503 2370 616 2443 agrum
633 2345 763 2417 habeat.
786 2342 916 2416 fienitn
929 2345 971 2417 ad
991 2343 1131 2418 limitem
1148 2363 1350 2441 quercetum·

392 2452 515 2542 habet,
528 2478 600 2525 non
615 2454 714 2549 poffis
728 2453 812 2526 rede
826 2453 1007 2527 secundum
1022 2478 1094 2525 eam
1109 2451 1226 2524 srlv‘am
1240 2449 1350 2523 serere·

392 2559 525 2649 oleam,
543 2562 637 2657 quod
661 2561 765 2659 usque
790 2586 833 2635 eo
855 2562 903 2635 est
922 2561 1127 2634 contrarium
1152 2579 1290 2649 natura,
1308 2576 1356 2633 ut¹

392 2669 528 2739 arbores
545 2693 616 2740 non
631 2667 738 2740 solum
751 2668 859 2741 minus
875 2667 1004 2758 ferant,
1016 2668 1073 2742 sed·
1086 2669 1185 2743 etiam
1197 2669 1352 2767 fugiant,-

391 2794 429 2847 ut
452 2777 633 2850 introrsum
653 2778 689 2849 in
707 2777 848 2852 fundum
870 2778 903 2852 se
926 2778 1107 2868 reclinent,
1128 2797 1166 2852 ut
1185 2778 1270 2853 vitis,
1284 2778 1347 2848 ad·

390 2881 451 2956 stra
472 2887 514 2958 ad
531 2886 608 2958 olus
629 2883 739 2961 facere
755 2887 848 2958 solet.
867 2906 904 2958 ut
924 2911 1087 2982 quercus,
1111 2884 1346 2980 srciuglandm

390 3017 521 3089 magnae
552 2995 591 3067 &
620 2995 747 3067 erebra
775 2993 947 3084 finitimae,
973 2992 1069 3066 fundi
1094 3017 1189 3067 oram
1214 2992 1347 3067 faciunt
1392 3000 1402 3031 “

389 3099 544 3173 sterilem.
1348 3166 1351 3173 .

439 3213 547 3285 Xv11.
565 3213 621 3285 De
642 3211 748 3286 Fundi
769 3235 811 3287 tv
823 3209 988 3311 partibus,
1001 3239 1075 3311 quar
1089 3238 1166 3287 curn
1182 3211 1260 3287 solo
1271 3213 1353 3293 tus.

327 3314 330 3319 ’
390 3336 488 3404 rent,
505 3318 669 3396 &alteris
689 3345 749 3410 w,
768 3349 843 3420 quae
861 3346 956 3397 extra
976 3323 1117 3395 fundum
1137 3322 1232 3413 sunt,
1244 3326 1282 3396 δι
1300 3322 1351 3395 ad.

321 3466 324 3475 ,
389 3423 555 3498 culturam
574 3429 761 3521 pertinent,
782 3431 862 3503 dixi.
883 3433 985 3502 Nunc
1007 3432 1116 3501 dicam
1134 3432 1201 3526 agri
1221 3431 1348 3527 quibua

390 3534 491 3607 rebus
514 3535 682 3615 colantur.
702 3562 789 3634 quas.
802 3563 855 3611 res
871 3537 926 3611 alii
942 3537 1101 3611 dividunt
1119 3538 1154 3609 in
1172 3541 1251 3612 duaa
1265 3564 1343 3636 par·
1403 3599 1405 3604 ,

343 3658 349 3670 ’
390 3663 441 3718 tes
449 3701 461 3735 ,
475 3645 511 3716 in
524 3645 695 3736 homines,
709 3649 746 3720 &
759 3646 961 3721 adminicula
976 3645 1174 3736 hominurn,
1186 3645 1255 3719 fine
1267 3646 1344 3743 qui·

391 3754 452 3826 bus
467 3755 566 3829 rebus
580 3755 692 3829 colere
705 3779 776 3828 non
791 3755 937 3853 potsunt.
949 3755 1018 3829 Alii
1030 3757 1066 3828 in
1080 3774 1144 3829 tres
1155 3775 1275 3852 partes,
1289 3756 1342 3827 in·

392 3862 566 3939 strumenti
585 3888 690 3962 genus
706 3864 844 3954 vocale,
862 3865 901 3937 &
913 3863 1188 3955 semivocale,&
1200 3881 1347 3955 mutuor,

391 3975 526 4070 vocate,
538 3973 577 4049 in
592 4000 663 4076 quo
677 3975 752 4063 [unt
768 3976 869 4057 servi.
888 3975 1108 4157 semivocalzl,
1127 3975 1164 4045 in
1180 3994 1251 4070 quo
1265 3962 1354 4071 sunt.-

861 4094 865 4112 '
1128 4107 1149 4180 r
