3509 5084
387 558 460 635 ²30
531 537 581 611 M.
605 536 886 614 TERENTll
911 534 1209 611 VARRONIS

385 699 491 799 ginis,
504 700 651 772 dandum
672 719 711 774 ut
734 700 771 773 in
793 698 855 773 seri
882 699 961 774 dixi.
982 700 1071 772 Cum
1092 699 1285 789 incubant,
1303 723 1367 771 or·
1404 762 1406 765 .

385 809 485 880 deum
505 808 546 879 iis
559 809 715 883 intritum
735 809 772 882 in
785 835 870 909 aqua
892 810 1146 906 apponendum.
1165 808 1278 880 Pullis
1293 808 1368 905 pri-t

385 945 478 991 mum
498 920 606 1007 biduo
625 922 789 1018 polenta,
808 939 865 994 aut
886 921 1028 993 ordeum
1052 919 1273 1018 apponitur,
1298 918 1365 990 tri-

385 1027 449 1101 bus
466 1029 632 1128 proximis
652 1029 849 1103 nallurtium
869 1029 980 1103 viride
997 1028 1190 1102 consedum
1205 1027 1366 1105 minuta·

387 1138 448 1212 tim
475 1165 518 1212 err
537 1165 625 1239 aqua
650 1140 686 1213 in
705 1165 766 1213 vas
791 1139 943 1239 aliquod.
959 1141 1048 1214 Cum
1071 1156 1184 1210 autem
1204 1136 1289 1210 sunt
1308 1136 1367 1208 in-

386 1247 469 1320 clufi
491 1247 527 1320 in
548 1248 645 1323 haras
667 1268 723 1322 aut
743 1248 940 1346 speluncas,
958 1271 995 1320 ut
1013 1245 1111 1335 dixi,
1134 1244 1246 1318 viuui
1268 1243 1365 1340 obji-

386 1357 482 1430 ciunt
496 1358 548 1431 his
561 1359 733 1454 polentam
746 1361 961 1444 ordeaceam,
979 1376 1038 1430 aut
1051 1356 1268 1453 sartaginem,
1285 1357 1366 1430 her·

387 1463 513 1538 bamve
536 1485 684 1540 teneram
698 1469 844 1566 aliquam
859 1467 1040 1542 concisam.
1059 1466 1113 1538 nd
1138 1465 1365 1564 saginandum

388 1576 520 1672 eligunt
539 1579 651 1675 pullos
669 1581 804 1677 circiter
824 1577 1056 1677 sexquimense
1072 1576 1132 1675 qui
1151 1577 1232 1650 sunt
1255 1599 1365 1651 natu:

388 1712 450 1761 eos
469 1689 647 1762 includunt
661 1691 696 1762 in
716 1680 901 1786 saginatio,
912 1689 1029 1785 ibique
1041 1690 1215 1784 polentam
1234 1690 1273 1761 δι
1288 1687 1365 1784 pol·

390 1795 493 1871 linem
514 1820 607 1895 aqua¹
621 1799 803 1874 madefasla
823 1801 905 1873 dant
930 1798 1066 1888 cibum,
1081 1797 1128 1872 ita
1145 1814 1184 1870 ut
1208 1821 1272 1895 per
1293 1797 1365 1872 diet

391 1903 549 1978 saturent.
570 1904 752 1979 secundum
776 1907 888 1982 cibum
911 1904 1057 2004 largeur
1084 1904 1203 1978 bibant
1228 1903 1364 1980 faciunt

390 2015 604 2112 potellatem.
614 2015 660 2089 stc
672 2015 781 2089 curati
796 2014 931 2089 circiter
942 2013 1084 2087 duobus·
1091 2011 1266 2085 mensibus
1280 2011 1364 2087 liunt

389 2124 543 2223 pingues.
559 2125 843 2224 Quotiescunque
856 2121 1059 2213 sumserunt,
1070 2122 1169 2196 locus
1181 2122 1274 2197 solet
1288 2149 1365 2221 pur·

389 2235 486 2332 gari:
502 2234 597 2333 quod
616 2234 678 2332 ipsi
694 2253 807 2309 ament
821 2235 936 2308 locum
952 2257 1092 2330 purum,
1107 2256 1221 2331 neque
1233 2231 1300 2332 ipfi
1312 2234 1365 2325 ulf

390 2343 485 2434 lum,
504 2345 564 2432 ubi
583 2344 735 2437 suerint,
753 2346 952 2445 relinquunt
970 2368 1104 2440 purum.

439 2458 500 2529 Xl.
522 2456 595 2550 Qui
614 2476 726 2529 autem
748 2458 877 2531 volunt
900 2478 1015 2555 greges
1037 2451 1188 2527 anatium
1216 2454 1366 2548 habere,

342 2626 345 2630 a
392 2585 433 2634 ac
446 2562 649 2636 constituere
667 2568 902 2658 νησσοτροφεῖονζ
919 2563 1065 2659 primum
1084 2563 1227 2655 locum,
1249 2567 1309 2640 cui
1322 2567 1368 2640 est

392 2669 546 2759 facultas,
557 2671 681 2768 eligere
690 2690 831 2765 oportet
845 2670 1037 2766 palustrem,
1047 2675 1142 2770 quod
1156 2697 1203 2744 eo
1217 2676 1369 2750 maxime

392 2781 608 2857 deledlantur.
620 2781 644 2854 st
656 2781 693 2854 id
707 2805 779 2853 non
788 2834 800 2872 ,
810 2780 1015 2878 potiffimum
1028 2782 1091 2872 ibi,
1105 2781 1164 2854 ubi
1179 2783 1219 2856 fir
1231 2804 1370 2864 naturar-¹

305 2894 311 2903 '
392 2894 435 2967 lis
457 2915 515 2969 aut
529 2893 646 2985 lacus,
669 2913 727 2967 aut
743 2891 918 2992 stagnum,
932 2913 992 2967 aut
1008 2893 1197 2970 manufesta
1211 2896 1368 2994 piscina,

393 3027 468 3101 quo
483 3004 645 3102 gradatim
658 3003 858 3077 descendere
868 3003 1005 3099 poslinr.
1017 3005 1165 3098 Septum
1178 3005 1294 3081 altum
1307 3008 1368 3082 elle

362 3174 365 3179 .
395 3130 557 3205 oportet,
578 3113 636 3185 ubi
659 3110 859 3200 versentur,
879 3112 922 3185 ad
946 3113 1048 3209 pedes
1070 3134 1150 3205 XV,
1166 3133 1207 3188 ut
1235 3115 1369 3192 vidislis

396 3221 440 3293 ad
465 3220 581 3294 villam
603 3222 679 3309 Sei,
700 3222 794 3318 quod
816 3246 888 3296 uno
907 3223 998 3297 ostio
1023 3223 1209 3302 claudatur.
1240 3227 1369 3306 circum

374 3346 508 3407 :totum
523 3332 684 3428 parietem
699 3330 900 3406 intrinsecus
919 3332 1060 3430 crepido
1080 3334 1169 3422 lata,
1185 3335 1224 3407 in
1240 3363 1311 3436 qua
1323 3338 1370 3412 se·

397 3443 546 3514 cundum
570 3442 731 3539 parietem
752 3441 818 3514 sint
841 3442 926 3515 tella
946 3443 1096 3522 cubilia:
1119 3463 1199 3517 ante
1223 3473 1286 3523 eas
1308 3474 1369 3522 ve·

371 3551 556 3626 'stibulum
583 3580 699 3627 earum
723 3574 935 3651 exequatum
965 3553 1109 3627 renerio
1133 3580 1245 3652 opere
1273 3561 1369 3634 tesia·

275 3699 276 3702 ¹
399 3686 474 3735 ceo.
495 3669 530 3732 ln
546 3687 591 3737 eo
611 3681 771 3760 perpetua
792 3664 936 3753 canalis,
950 3663 985 3735 in
999 3666 1156 3760 quam&
1179 3665 1281 3741 cibus
1308 3696 1368 3765 po·

264 3842 280 3857 „
355 3867 357 3870 p
397 3774 491 3845 nitur
512 3772 574 3855 iis,
598 3773 844 3873 &immittitur
866 3799 963 3869 aqua.
990 3776 1034 3846 stc
1053 3773 1143 3844 enim
1167 3775 1288 3850 cibum
1316 3805 1367 3852 ca·

398 3881 506 3977 piunt.
530 3885 661 3958 Omnes
683 3884 823 3982 parietes
838 3886 983 3958 redlorio
998 3885 1191 3986 levigantur
1206 3940 1218 3974 ,
1241 3915 1287 3961 ne
1302 3889 1368 3983 ‘se-

395 3989 471 4086 les,
486 3993 597 4072 aliave
619 4020 695 4096 quae
714 3992 818 4071 bestia
839 3993 983 4070 introire
1002 3997 1045 4069 ad
1066 3997 1270 4072 nocendum
1289 3998 1369 4098 pos·
