3509 5084
546 543 1044 621 EDITIONUM.
1181 569 1275 628 extr
1363 496 1371 513 ³

319 704 394 790 1598
438 701 560 782 Lugduni
575 702 639 762 Bar.
658 699 686 762 8.
713 701 806 773 Coto,
827 719 893 760 cum
917 702 993 763 notis
1019 703 1066 776 Jo.
1081 706 1208 782 Meurfii:
1227 709 1277 785 qui

440 796 556 845 centurn
573 781 697 858 amplius
723 780 795 841 lucis
812 766 945 855 austum,
967 803 1003 844 ex
1017 783 1164 845 Bafileensr
1183 789 1278 848 maai·

438 883 486 926 me
496 867 522 925 dc
532 860 762 924 Commeliniana
775 862 908 922 editione
919 908 928 936 ‚
938 867 1157 943 corrediumque
1168 867 1197 927 se
1208 869 1277 931 dare

437 945 597 1025 profitetur.
618 943 675 1005 Sed
692 942 810 1004 Meursii
828 941 891 1004 haec
908 945 998 1004 editio
1008 944 1072 1006 libri
1090 946 1204 1009 Catonis
1215 969 1277 1011 non

436 1040 513 1090 nova
533 1024 592 1100 est,
612 1020 661 1084 sed
680 1025 782 1084 eadem
802 1042 867 1085 cunr
889 1023 939 1086 iila
968 1025 1083 1103 Popmae
1111 1048 1206 1111 1590,
1225 1032 1279 1094 niti

436 1109 515 1186 quod
537 1125 612 1166 nova
626 1103 700 1165 libro
717 1105 818 1179 frons,
837 1105 984 1183 novusque
1000 1106 1101 1168 titulus
1121 1110 1274 1186 praefixus,
1331 1162 1335 1169 .

436 1180 613 1264 Meursrique
627 1187 756 1265 praefatio
776 1190 803 1247 ἃ
820 1199 897 1247 notae
908 1187 1091 1250 accesserunt.
1209 1184 1214 1196 '

318 1272 392 1338 1601
436 1275 524 1350 Lugd.
542 1270 607 1329 Bar.
631 1267 658 1328 8.
679 1287 715 1328 ex
736 1266 854 1329 officiira
873 1267 1075 1347 Plantiniana,
1092 1270 1170 1346 apud
1194 1269 1277 1333 Chri·

301 1372 304 1377 ·
437 1351 531 1428 stoph.
552 1349 769 1428 Rapielengium.
790 1349 834 1410 in.
852 1348 918 1412 Ter.
944 1352 1080 1412 Varronis
1104 1371 1191 1428 opera
1210 1373 1273 1429 quae

248 1430 254 1465 ³
351 1475 353 1479 ψ
439 1434 566 1506 exstant,
581 1449 655 1490 nova
671 1430 770 1490 editio.
791 1429 902 1492 Edente
922 1431 1130 1493 &recensente
1148 1431 1274 1494 Ausonio

339 1562 342 1575 .
437 1516 560 1595 Popmo,
576 1510 834 1584 Frisr0.,Ejusdem
846 1510 964 1572 Ausonii
981 1513 1011 1572 in
1029 1514 1132 1574 eadem
1152 1526 1226 1575 notae
1247 1518 1277 1576 d:

439 1596 634 1670 conjeeianea.
658 1627 692 1639 —
714 1593 785 1653 Haec
804 1593 894 1653 editio
909 1593 949 1653 est
965 1612 1025 1655 rara
1044 1596 1181 1671 quidem,
1201 1595 1276 1656 suas-

437 1695 492 1752 que
515 1673 602 1735 habet
621 1673 739 1733 virtutes
751 1694 768 1747 ;·
786 1686 815 1733 at
832 1692 887 1734 nec
913 1687 1045 1736 accurata
1073 1676 1203 1738 censetur
1221 1695 1277 1737 nee

423 1759 559 1834 egregia.
576 1754 695 1832 Insuper
713 1774 776 1831 quae
794 1755 886 1829 bona,
906 1757 1049 1834 praecipue
1065 1757 1093 1816 in
1113 1757 1177 1817 libr.
1191 1757 1228 1818 de
1239 1757 1276 1820 R.

437 1839 474 1901 R.
491 1835 589 1897 attulit
608 1837 736 1914 Popma,
756 1855 787 1895 ea
803 1835 968 1913 surripuisse
983 1840 1111 1914 arguitur
1125 1839 1227 1913 Ursrno
1247 1843 1276 1900 dc

438 1918 601 1996 Scaligero,
618 1919 645 1979 dr
664 1930 740 1979 notae
758 1916 872 1994 Popmae
893 1917 959 1977 sunt
979 1938 996 1979 a
1017 1918 1135 1979 librariis
1154 1919 1275 1981 mirifice

438 2014 589 2076 corruptae.
609 1999 724 2072 Adjecit
740 1997 900 2074 fragmenta
918 2000 1051 2060 Varronis
1069 2021 1085 2061 e
1101 1988 1184 2061 iuriis
1194 2001 1275 2061 libris

437 2081 593 2158 deperditis
612 2079 747 2153 coliesta,
766 2079 899 2157 notisque
913 2079 1065 2154 iliustrata3
1079 2084 1107 2142 dr
1122 2081 1151 2140 in
1171 2080 1274 2142 biblio.

437 2161 542 2236 theca,
557 2182 621 2238 quae
637 2174 769 2231 vocatur,
789 2162 968 2221 Varroniana
984 2161 1146 2238 descriptis
1161 2161 1274 2222 disseri-
1337 2164 1339 2170 '

437 2255 483 2306 tur
502 2245 638 2304 Varronis
656 2255 715 2302 tam
735 2243 836 2312 editis,
855 2261 941 2318 quam
967 2242 1107 2304 vetustate
1124 2242 1274 2319 temporis-

438 2344 494 2402 que
510 2325 661 2401 iniquitate
672 2321 818 2383 absumtis.
831 2322 868 2383 es.
883 2311 999 2383 Gssneri
1019 2323 1097 2398 praes.
1108 2323 1145 2382 ad
1157 2323 1272 2399 Scriptt.

438 2406 475 2468 R.
491 2405 524 2467 R.
541 2406 553 2482 Ι
569 2427 594 2490 5,
607 2408 633 2466 &
649 2404 771 2482 Freytag
782 2406 810 2462 in
828 2405 933 2480 iidpar.
949 2402 993 2464 lit.
1003 2405 1038 2465 T.
1050 2404 1110 2476 ΙΙΙ,
1124 2424 1151 2480 p.
1167 2425 1202 2484 50
1212 2403 1274 2482 sqq.
1410 2397 1414 2406 '

321 2487 395 2549 1602
437 2488 565 2561 Genese,
579 2511 606 2563 4.
619 2482 707 2546 Varro
724 2486 761 2545 de
776 2485 808 2547 R.
822 2485 854 2547 R.
870 2486 912 2546 Ex
924 2485 1125 2562 Hauptmanni
1143 2487 1211 2548 Not.

322 2569 394 2651 1619
435 2569 588 2641 Dareitai,
606 2567 634 2628 8.
645 2585 689 2626 ‘ex
706 2567 781 2630 offic.
801 2567 846 2641 J0.
869 2567 1025 2629 Brerewout.
1042 2566 1085 2629 M.
1094 2568 1161 2630 Ter.
1172 2567 1274 2627 Varro·

415 2693 417 2699 ,
434 2651 481 2709 nis
498 2667 585 2726 opera
604 2648 722 2720 omnia,
747 2667 809 2724 quae
828 2647 948 2709 exstant.
968 2647 1042 2708 Cum
1060 2648 1136 2709 notis
1151 2646 1272 2726 josephi

435 2731 584 2811 Scaligeri,
599 2729 715 2790 Adriani
734 2729 859 2802 Turnebi‚
879 2729 953 2790 Petri
973 2731 1097 2802 VIHorr'i,
1116 2730 1275 2791 &Antonii

436 2812 589 2891 Augustini.
607 2809 660 2871 His
676 2811 819 2870 accedunt
828 2810 947 2872 Tabulae
959 2811 1115 2886 naufragii,
1129 2809 1176 2870 seu
1188 2810 1275 2886 Frag-¹

437 2906 536 2951 menta
552 2890 680 2965 ejusdem
695 2894 823 2951 austiora
842 2895 868 2953 de
886 2890 1023 2964 meliora,
1039 2891 1144 2950 additis
1162 2892 1198 2948 ad
1219 2892 1275 2949 srn.

312 3046 317 3055 ⁸
437 2972 504 3051 gula
514 2972 576 3032 ioca
588 2975 736 3033 auciorum
750 2971 916 3031 nominibus
932 2972 1009 3031 unde
1025 2970 1088 3030 haec
1101 2970 1189 3047 petita
1199 2970 1274 3030 sunt.

440 3088 475 3101 —
497 3054 639 3114 Convenit
653 3072 719 3113 cum
737 3051 956 3137 ⁴Stephanianis,
973 3051 1043 3112 teste
1060 3050 1204 3126 (aeneio,
1220 3051 1275 3113 nist

435 3137 515 3213 quod
532 3135 631 3212 passim
652 3134 742 3195 habet
759 3134 850 3195 varias
862 3132 1001 3195 leeiiones
1009 3135 1039 3194 in
1053 3133 1189 3211 margine.

323 3213 396 3279 1620
435 3219 621 3300 Franequerae‚
638 3215 665 3277 8.
680 3234 742 3277 exe.
758 3217 804 3290 J0.
820 3219 966 3277 Lamriuck.
987 3215 1031 3277 Μ.
1042 3215 1135 3277 Porcii
1154 3213 1273 3287 Catonis

332 3322 335 3329 ·
434 3296 472 3357 de
489 3317 520 3356 re
536 3297 637 3358 rustica
653 3296 734 3359 liber.
755 3297 929 3375 Fragmenta
946 3316 1008 3375 quae
1017 3296 1173 3374 supersunt.
1187 3295 1271 3356 Auso-

432 3378 498 3438 nius
510 3380 612 3458 Popma
630 3379 733 3440 iterum
751 3379 909 3451 recensuit,
930 3381 957 3438 dr
973 3392 1056 3437 notas
1071 3377 1193 3437 addidit.
1219 3378 1275 3436 ric-
1360 3449 1364 3461 ι

438 3458 581 3519 cesserunt
596 3461 640 3534 Jo.
655 3461 770 3522 Meursri
790 3459 827 3525 ad
846 3458 951 3519 librum
973 3462 1010 3518 de
1027 3478 1057 3518 re
1072 3458 1173 3518 rustica
1187 3470 1272 3517 notae.

436 3540 553 3601 Ausonii
568 3541 684 3619 Popnrae
701 3542 738 3601 de
758 3540 947 3599 instrumento
962 3538 1045 3599 fundi
1064 3536 1145 3601 liber.
1166 3539 1218 3600 Pro
1230 3536 1273 3597 bi·

436 3620 579 3698 bliopolio
600 3619 841 3685 Commeliniano.
867 3619 1016 3684 Sumtibus
1035 3620 1080 3694 Jo.
1097 3617 1274 3683 commelini

436 3703 540 3766 viduae.
558 3703 705 3782 Repetitio
727 3704 775 3764 ed.
796 3701 916 3765 Psantin.
938 3702 1022 3784 1598.
1216 3716 1217 3720 ’

325 3780 396 3864 ¹623
440 3785 685 3868 Amflelodami‚8.
704 3784 782 3860 apud
797 3785 843 3860 Jo.
861 3784 1026 3868 Jansrmium.
1037 3783 1081 3846 Μ.
1091 3783 1157 3846 Ter.
1168 3783 1274 3841 Varro·

436 3868 481 3926 nis
498 3886 587 3944 opera
603 3869 657 3928 dcc.
669 3865 811 3944 Repetitio
828 3867 1020 3927 Dordracenae
1040 3868 1124 3944 1619.

321 3941 352 4024 (⁴¹
374 3943 412 4011 ad
435 3965 482 4008 arr.
506 3949 580 4029 1629
605 3946 704 4009 Calat.
719 3946 792 4009 Bibl.
817 3947 1005 4010 Menarfianae
1029 3942 1165 4021 mendose
1185 3939 1275 4002 refert

441 4027 505 4092 Cat.
525 4029 607 4093 Van.
624 4028 738 4093 Colurn.
759 4028 828 4093 Pau
841 4028 951 4094 Parisiis
958 4026 1010 4090 fol.
1028 4026 1140 4101 editos,
1152 4040 1274 4084 monen-
