<?xml version="1.0" encoding="UTF-8"?>
<!DOCTYPE html PUBLIC "-//W3C//DTD XHTML 1.0 Transitional//EN"
    "http://www.w3.org/TR/xhtml1/DTD/xhtml1-transitional.dtd">
<html xmlns="http://www.w3.org/1999/xhtml" xml:lang="en" lang="en">
 <head>
  <title>
</title>
<meta http-equiv="Content-Type" content="text/html;charset=utf-8" />
  <meta name='ocr-system' content='tesseract 3.04.00' />
  <meta name='ocr-capabilities' content='ocr_page ocr_carea ocr_par ocr_line ocrx_word'/>
</head>
<body>
  <div class='ocr_page' id='page_1' title='image "./scriptoresreiru02gesngoog_0326.png"; bbox 0 0 3509 5084; ppageno 0'>
   <div class='ocr_carea' id='block_1_1' title="bbox 411 443 1245 660">
    <p class='ocr_par' dir='ltr' id='par_1_1' title="bbox 411 443 1245 660">
     <span class='ocr_line' id='line_1_1' title="bbox 1077 443 1123 489; baseline -0.022 1"><span class='ocrx_word' id='word_1_1' title='bbox 1077 443 1079 447; x_wconf 40' lang='lat'><strong><em>¹</em></strong></span> <span class='ocrx_word' id='word_1_2' title='bbox 1118 446 1123 489; x_wconf 94' lang='lat' dir='ltr'>l</span> 
     </span>
     <span class='ocr_line' id='line_1_2' title="bbox 411 510 1245 660; baseline -0.02 -13"><span class='ocrx_word' id='word_1_3' title='bbox 411 571 487 660; x_wconf 77' lang='lat'>1164</span> <span class='ocrx_word' id='word_1_4' title='bbox 538 510 608 640; x_wconf 82' lang='lat' dir='ltr'>n.</span> <span class='ocrx_word' id='word_1_5' title='bbox 631 559 910 636; x_wconf 76' lang='lat' dir='ltr'>Tenruru</span> <span class='ocrx_word' id='word_1_6' title='bbox 934 559 1245 632; x_wconf 69' lang='lat' dir='ltr'>vannorum·</span> 
     </span>
    </p>
   </div>
   <div class='ocr_carea' id='block_1_2' title="bbox 291 718 1423 2589">
    <p class='ocr_par' dir='ltr' id='par_1_2' title="bbox 305 718 1389 1712">
     <span class='ocr_line' id='line_1_3' title="bbox 409 718 1386 826; baseline -0.01 -22"><span class='ocrx_word' id='word_1_7' title='bbox 409 731 474 818; x_wconf 69' lang='lat' dir='ltr'>tte,</span> <span class='ocrx_word' id='word_1_8' title='bbox 490 725 600 824; x_wconf 92' lang='lat' dir='ltr'>inquit</span> <span class='ocrx_word' id='word_1_9' title='bbox 618 731 811 826; x_wconf 72' lang='lat' dir='ltr'>Atticus,</span> <span class='ocrx_word' id='word_1_10' title='bbox 834 746 877 795; x_wconf 92' lang='lat' dir='ltr'>ne</span> <span class='ocrx_word' id='word_1_11' title='bbox 896 739 929 794; x_wconf 91' lang='lat' dir='ltr'>te</span> <span class='ocrx_word' id='word_1_12' title='bbox 949 718 1063 817; x_wconf 68' lang='lat' dir='ltr'>sallat,</span> <span class='ocrx_word' id='word_1_13' title='bbox 1078 722 1116 795; x_wconf 78' lang='grc' dir='ltr'>δι</span> <span class='ocrx_word' id='word_1_14' title='bbox 1135 743 1287 794; x_wconf 79' lang='lat' dir='ltr'>novenae</span> <span class='ocrx_word' id='word_1_15' title='bbox 1309 718 1386 794; x_wconf 81' lang='lat' dir='ltr'>islae</span> 
     </span>
     <span class='ocr_line' id='line_1_4' title="bbox 382 827 1387 941; baseline -0.008 -29"><span class='ocrx_word' id='word_1_16' title='bbox 382 859 389 937; x_wconf 68' lang='lat' dir='ltr'>t</span> <span class='ocrx_word' id='word_1_17' title='bbox 410 855 522 941; x_wconf 88' lang='lat' dir='ltr'>partes</span> <span class='ocrx_word' id='word_1_18' title='bbox 542 861 613 907; x_wconf 89' lang='lat' dir='ltr'>non</span> <span class='ocrx_word' id='word_1_19' title='bbox 628 850 748 905; x_wconf 84' lang='lat' dir='ltr'>exeant</span> <span class='ocrx_word' id='word_1_20' title='bbox 764 849 860 904; x_wconf 89' lang='lat' dir='ltr'>extra</span> <span class='ocrx_word' id='word_1_21' title='bbox 881 830 1015 928; x_wconf 89' lang='lat' dir='ltr'>pecoris</span> <span class='ocrx_word' id='word_1_22' title='bbox 1030 830 1172 902; x_wconf 89' lang='lat' dir='ltr'>minoris</span> <span class='ocrx_word' id='word_1_23' title='bbox 1191 856 1231 902; x_wconf 91' lang='lat' dir='ltr'>ac</span> <span class='ocrx_word' id='word_1_24' title='bbox 1246 827 1387 923; x_wconf 86' lang='lat' dir='ltr'>majoris</span> 
     </span>
     <span class='ocr_line' id='line_1_5' title="bbox 305 937 1388 1047; baseline -0.012 -21"><span class='ocrx_word' id='word_1_25' title='bbox 305 993 314 1015; x_wconf 60' lang='lat' dir='ltr'>x</span> <span class='ocrx_word' id='word_1_26' title='bbox 411 972 551 1047; x_wconf 76' lang='lat' dir='ltr'>nomen.</span> <span class='ocrx_word' id='word_1_27' title='bbox 572 947 658 1038; x_wconf 83' lang='lat' dir='ltr'>Quo</span> <span class='ocrx_word' id='word_1_28' title='bbox 677 943 776 1041; x_wconf 74' lang='lat' dir='ltr'>paslo</span> <span class='ocrx_word' id='word_1_29' title='bbox 794 942 886 1016; x_wconf 91' lang='lat' dir='ltr'>enim</span> <span class='ocrx_word' id='word_1_30' title='bbox 908 958 1007 1015; x_wconf 90' lang='lat' dir='ltr'>erunt</span> <span class='ocrx_word' id='word_1_31' title='bbox 1029 940 1065 1012; x_wconf 90' lang='lat' dir='ltr'>in</span> <span class='ocrx_word' id='word_1_32' title='bbox 1085 939 1243 1014; x_wconf 72' lang='lat' dir='ltr'>mulis&amp;</span> <span class='ocrx_word' id='word_1_33' title='bbox 1267 937 1388 1035; x_wconf 89' lang='lat' dir='ltr'>pasto·</span> 
     </span>
     <span class='ocr_line' id='line_1_6' title="bbox 411 1050 1388 1152; baseline -0.011 -17"><span class='ocrx_word' id='word_1_34' title='bbox 411 1063 504 1137; x_wconf 86' lang='lat' dir='ltr'>ribus</span> <span class='ocrx_word' id='word_1_35' title='bbox 517 1082 665 1130; x_wconf 83' lang='lat' dir='ltr'>novenae</span> <span class='ocrx_word' id='word_1_36' title='bbox 679 1072 808 1152; x_wconf 88' lang='lat' dir='ltr'>partes,</span> <span class='ocrx_word' id='word_1_37' title='bbox 821 1053 882 1127; x_wconf 94' lang='lat' dir='ltr'>ubi</span> <span class='ocrx_word' id='word_1_38' title='bbox 897 1079 958 1127; x_wconf 94' lang='lat' dir='ltr'>nec</span> <span class='ocrx_word' id='word_1_39' title='bbox 973 1052 1183 1142; x_wconf 79' lang='lat' dir='ltr'>admissurae,</span> <span class='ocrx_word' id='word_1_40' title='bbox 1197 1076 1261 1125; x_wconf 91' lang='lat' dir='ltr'>nec</span> <span class='ocrx_word' id='word_1_41' title='bbox 1275 1050 1388 1124; x_wconf 88' lang='lat' dir='ltr'>foetu·</span> 
     </span>
     <span class='ocr_line' id='line_1_7' title="bbox 412 1162 1389 1257; baseline -0.009 -11"><span class='ocrx_word' id='word_1_42' title='bbox 412 1197 461 1246; x_wconf 84' lang='lat' dir='ltr'>rae</span> <span class='ocrx_word' id='word_1_43' title='bbox 481 1163 729 1241; x_wconf 77' lang='lat' dir='ltr'>observantur?</span> <span class='ocrx_word' id='word_1_44' title='bbox 751 1168 789 1236; x_wconf 91' lang='lat' dir='ltr'>ln</span> <span class='ocrx_word' id='word_1_45' title='bbox 809 1163 949 1256; x_wconf 83' lang='lat' dir='ltr'>canibus</span> <span class='ocrx_word' id='word_1_46' title='bbox 969 1162 1060 1234; x_wconf 89' lang='lat' dir='ltr'>enim</span> <span class='ocrx_word' id='word_1_47' title='bbox 1072 1162 1176 1235; x_wconf 92' lang='lat' dir='ltr'>video</span> <span class='ocrx_word' id='word_1_48' title='bbox 1195 1162 1288 1257; x_wconf 90' lang='lat' dir='ltr'>posse</span> <span class='ocrx_word' id='word_1_49' title='bbox 1302 1162 1389 1237; x_wconf 87' lang='lat' dir='ltr'>dici.</span> 
     </span>
     <span class='ocr_line' id='line_1_8' title="bbox 412 1272 1389 1369; baseline -0.011 -14"><span class='ocrx_word' id='word_1_50' title='bbox 412 1282 477 1356; x_wconf 85' lang='lat' dir='ltr'>sed</span> <span class='ocrx_word' id='word_1_51' title='bbox 494 1278 540 1352; x_wconf 95' lang='lat' dir='ltr'>do</span> <span class='ocrx_word' id='word_1_52' title='bbox 554 1277 654 1354; x_wconf 91' lang='lat' dir='ltr'>etiam</span> <span class='ocrx_word' id='word_1_53' title='bbox 672 1276 708 1349; x_wconf 79' lang='lat' dir='ltr'>i&#39;n</span> <span class='ocrx_word' id='word_1_54' title='bbox 730 1275 928 1347; x_wconf 90' lang='lat' dir='ltr'>hominibus</span> <span class='ocrx_word' id='word_1_55' title='bbox 948 1273 1041 1369; x_wconf 93' lang='lat' dir='ltr'>posse</span> <span class='ocrx_word' id='word_1_56' title='bbox 1056 1272 1283 1353; x_wconf 90' lang='lat' dir='ltr'>novenarium</span> <span class='ocrx_word' id='word_1_57' title='bbox 1299 1274 1389 1344; x_wconf 91' lang='lat' dir='ltr'>reti·</span> 
     </span>
     <span class='ocr_line' id='line_1_9' title="bbox 411 1372 1387 1482; baseline -0.009 -19"><span class='ocrx_word' id='word_1_58' title='bbox 411 1388 488 1465; x_wconf 86' lang='lat' dir='ltr'>ueri</span> <span class='ocrx_word' id='word_1_59' title='bbox 510 1372 714 1470; x_wconf 77' lang='lat' dir='ltr'>numerum,</span> <span class='ocrx_word' id='word_1_60' title='bbox 736 1386 833 1482; x_wconf 93' lang='lat' dir='ltr'>quod</span> <span class='ocrx_word' id='word_1_61' title='bbox 858 1383 894 1457; x_wconf 90' lang='lat' dir='ltr'>in</span> <span class='ocrx_word' id='word_1_62' title='bbox 913 1382 1062 1465; x_wconf 81' lang='lat' dir='ltr'>hibernis</span> <span class='ocrx_word' id='word_1_63' title='bbox 1084 1382 1210 1454; x_wconf 92' lang='lat' dir='ltr'>habent</span> <span class='ocrx_word' id='word_1_64' title='bbox 1230 1381 1266 1452; x_wconf 89' lang='lat' dir='ltr'>in</span> <span class='ocrx_word' id='word_1_65' title='bbox 1289 1380 1387 1455; x_wconf 86' lang='lat' dir='ltr'>villis</span> 
     </span>
     <span class='ocr_line' id='line_1_10' title="bbox 312 1490 1387 1591; baseline -0.006 -20"><span class='ocrx_word' id='word_1_66' title='bbox 312 1552 315 1563; x_wconf 85' lang='lat'><em>.</em></span> <span class='ocrx_word' id='word_1_67' title='bbox 412 1497 594 1586; x_wconf 87' lang='lat' dir='ltr'>mulieres,</span> <span class='ocrx_word' id='word_1_68' title='bbox 613 1494 749 1591; x_wconf 89' lang='lat' dir='ltr'>quidam</span> <span class='ocrx_word' id='word_1_69' title='bbox 769 1494 869 1567; x_wconf 90' lang='lat' dir='ltr'>etiam</span> <span class='ocrx_word' id='word_1_70' title='bbox 884 1494 919 1565; x_wconf 91' lang='lat' dir='ltr'>in</span> <span class='ocrx_word' id='word_1_71' title='bbox 938 1492 1088 1580; x_wconf 85' lang='lat' dir='ltr'>aestivis,</span> <span class='ocrx_word' id='word_1_72' title='bbox 1110 1492 1197 1566; x_wconf 91' lang='lat' dir='ltr'>&amp;id</span> <span class='ocrx_word' id='word_1_73' title='bbox 1214 1490 1387 1589; x_wconf 88' lang='lat' dir='ltr'>pertinere</span> 
     </span>
     <span class='ocr_line' id='line_1_11' title="bbox 411 1603 1388 1712; baseline -0.007 -29"><span class='ocrx_word' id='word_1_74' title='bbox 411 1626 555 1712; x_wconf 91' lang='lat' dir='ltr'>putant,</span> <span class='ocrx_word' id='word_1_75' title='bbox 571 1629 643 1701; x_wconf 89' lang='lat' dir='ltr'>quo</span> <span class='ocrx_word' id='word_1_76' title='bbox 666 1603 799 1677; x_wconf 84' lang='lat' dir='ltr'>facilius</span> <span class='ocrx_word' id='word_1_77' title='bbox 821 1605 863 1675; x_wconf 85' lang='lat' dir='ltr'>ad</span> <span class='ocrx_word' id='word_1_78' title='bbox 890 1628 1004 1702; x_wconf 83' lang='lat' dir='ltr'><strong>greges</strong></span> <span class='ocrx_word' id='word_1_79' title='bbox 1024 1603 1172 1701; x_wconf 86' lang='lat' dir='ltr'>pallores</span> <span class='ocrx_word' id='word_1_80' title='bbox 1192 1605 1388 1698; x_wconf 83' lang='lat' dir='ltr'>retineant,</span> 
     </span>
    </p>

    <p class='ocr_par' dir='ltr' id='par_1_3' title="bbox 291 1701 1423 2589">
     <span class='ocr_line' id='line_1_12' title="bbox 412 1701 1423 1814; baseline 0 -25"><span class='ocrx_word' id='word_1_81' title='bbox 412 1721 452 1795; x_wconf 80' lang='grc' dir='ltr'>δι</span> <span class='ocrx_word' id='word_1_82' title='bbox 468 1713 652 1814; x_wconf 88' lang='lat' dir='ltr'>puerperio</span> <span class='ocrx_word' id='word_1_83' title='bbox 669 1711 829 1785; x_wconf 92' lang='lat' dir='ltr'>samiliam</span> <span class='ocrx_word' id='word_1_84' title='bbox 842 1713 969 1787; x_wconf 87' lang='lat' dir='ltr'>saciant</span> <span class='ocrx_word' id='word_1_85' title='bbox 982 1710 1171 1809; x_wconf 84' lang='lat' dir='ltr'>majorem,</span> <span class='ocrx_word' id='word_1_86' title='bbox 1187 1715 1226 1788; x_wconf 77' lang='grc' dir='ltr'>δι</span> <span class='ocrx_word' id='word_1_87' title='bbox 1242 1739 1315 1787; x_wconf 85' lang='lat' dir='ltr'>rem</span> <span class='ocrx_word' id='word_1_88' title='bbox 1327 1741 1387 1813; x_wconf 91' lang='lat' dir='ltr'>pe·</span> <span class='ocrx_word' id='word_1_89' title='bbox 1418 1701 1423 1709; x_wconf 50' lang='grc'>’</span> 
     </span>
     <span class='ocr_line' id='line_1_13' title="bbox 411 1811 1387 1915; baseline -0.003 -16"><span class='ocrx_word' id='word_1_90' title='bbox 411 1811 559 1902; x_wconf 72' lang='lat' dir='ltr'>duariam</span> <span class='ocrx_word' id='word_1_91' title='bbox 586 1819 855 1895; x_wconf 74' lang='lat' dir='ltr'>fruduosrorem.</span> <span class='ocrx_word' id='word_1_92' title='bbox 876 1821 933 1912; x_wconf 87' lang='lat' dir='ltr'>Si,</span> <span class='ocrx_word' id='word_1_93' title='bbox 955 1826 1107 1915; x_wconf 82' lang='lat' dir='ltr'>inquam,</span> <span class='ocrx_word' id='word_1_94' title='bbox 1123 1847 1286 1895; x_wconf 88' lang='lat' dir='ltr'>numerus</span> <span class='ocrx_word' id='word_1_95' title='bbox 1311 1847 1387 1896; x_wconf 90' lang='lat' dir='ltr'>non</span> 
     </span>
     <span class='ocr_line' id='line_1_14' title="bbox 411 1929 1388 2023; baseline -0.003 -12"><span class='ocrx_word' id='word_1_96' title='bbox 411 1936 485 2023; x_wconf 86' lang='lat' dir='ltr'>est,</span> <span class='ocrx_word' id='word_1_97' title='bbox 508 1950 547 2005; x_wconf 92' lang='lat' dir='ltr'>ut</span> <span class='ocrx_word' id='word_1_98' title='bbox 568 1931 606 2003; x_wconf 86' lang='lat' dir='ltr'>stt</span> <span class='ocrx_word' id='word_1_99' title='bbox 625 1930 667 2003; x_wconf 92' lang='lat' dir='ltr'>ad</span> <span class='ocrx_word' id='word_1_100' title='bbox 693 1929 869 2021; x_wconf 83' lang='lat' dir='ltr'>amusfim,</span> <span class='ocrx_word' id='word_1_101' title='bbox 888 1953 927 2003; x_wconf 93' lang='lat' dir='ltr'>ut</span> <span class='ocrx_word' id='word_1_102' title='bbox 948 1931 1112 2020; x_wconf 83' lang='lat' dir='ltr'>nonest,</span> <span class='ocrx_word' id='word_1_103' title='bbox 1135 1959 1213 2007; x_wconf 90' lang='lat' dir='ltr'>cum</span> <span class='ocrx_word' id='word_1_104' title='bbox 1239 1932 1388 2008; x_wconf 84' lang='lat' dir='ltr'>dicimus</span> 
     </span>
     <span class='ocr_line' id='line_1_15' title="bbox 412 2037 1387 2137; baseline -0.002 -19"><span class='ocrx_word' id='word_1_105' title='bbox 412 2044 508 2120; x_wconf 88' lang='lat' dir='ltr'>mille</span> <span class='ocrx_word' id='word_1_106' title='bbox 529 2063 634 2113; x_wconf 87' lang='lat' dir='ltr'>naves</span> <span class='ocrx_word' id='word_1_107' title='bbox 655 2037 725 2111; x_wconf 88' lang='lat' dir='ltr'>iisse</span> <span class='ocrx_word' id='word_1_108' title='bbox 739 2040 780 2112; x_wconf 89' lang='lat' dir='ltr'>ad</span> <span class='ocrx_word' id='word_1_109' title='bbox 802 2037 943 2133; x_wconf 79' lang='lat' dir='ltr'>Troiam</span> <span class='ocrx_word' id='word_1_110' title='bbox 955 2042 1229 2127; x_wconf 75' lang='lat' dir='ltr'>‚centumvirale</span> <span class='ocrx_word' id='word_1_111' title='bbox 1250 2041 1316 2115; x_wconf 84' lang='lat' dir='ltr'>effe</span> <span class='ocrx_word' id='word_1_112' title='bbox 1331 2040 1387 2137; x_wconf 83' lang='lat' dir='ltr'>ju·</span> 
     </span>
     <span class='ocr_line' id='line_1_16' title="bbox 412 2146 1387 2248; baseline -0.003 -18"><span class='ocrx_word' id='word_1_113' title='bbox 412 2156 541 2230; x_wconf 86' lang='lat' dir='ltr'>dicium</span> <span class='ocrx_word' id='word_1_114' title='bbox 567 2153 708 2226; x_wconf 79' lang='lat' dir='ltr'>Rome:</span> <span class='ocrx_word' id='word_1_115' title='bbox 727 2150 822 2221; x_wconf 89' lang='lat' dir='ltr'>derne</span> <span class='ocrx_word' id='word_1_116' title='bbox 843 2146 995 2248; x_wconf 87' lang='lat' dir='ltr'>(srvis)</span> <span class='ocrx_word' id='word_1_117' title='bbox 1016 2151 1095 2225; x_wconf 84' lang='lat' dir='ltr'>duas</span> <span class='ocrx_word' id='word_1_118' title='bbox 1122 2176 1174 2224; x_wconf 89' lang='lat' dir='ltr'>res</span> <span class='ocrx_word' id='word_1_119' title='bbox 1196 2151 1239 2224; x_wconf 92' lang='lat' dir='ltr'>de</span> <span class='ocrx_word' id='word_1_120' title='bbox 1256 2152 1387 2245; x_wconf 86' lang='lat' dir='ltr'>mulis,</span> 
     </span>
     <span class='ocr_line' id='line_1_17' title="bbox 291 2263 1388 2358; baseline -0.002 -18"><span class='ocrx_word' id='word_1_121' title='bbox 291 2265 293 2271; x_wconf 75' lang='grc'>’</span> <span class='ocrx_word' id='word_1_122' title='bbox 410 2264 626 2346; x_wconf 72' lang='lat' dir='ltr'>admissuram</span> <span class='ocrx_word' id='word_1_123' title='bbox 643 2264 682 2336; x_wconf 79' lang='grc' dir='ltr'>δι</span> <span class='ocrx_word' id='word_1_124' title='bbox 696 2278 876 2358; x_wconf 79' lang='lat' dir='ltr'>parturam.</span> <span class='ocrx_word' id='word_1_125' title='bbox 899 2263 1095 2352; x_wconf 62' lang='lat' dir='ltr'>vicens,</span> <span class='ocrx_word' id='word_1_126' title='bbox 1109 2263 1312 2352; x_wconf 74' lang='lat' dir='ltr'>patrumm,</span> <span class='ocrx_word' id='word_1_127' title='bbox 1331 2263 1388 2338; x_wconf 89' lang='lat' dir='ltr'>in·</span> 
     </span>
     <span class='ocr_line' id='line_1_18' title="bbox 411 2370 1388 2477; baseline -0.001 -27"><span class='ocrx_word' id='word_1_128' title='bbox 411 2375 513 2477; x_wconf 78' lang='lat' dir='ltr'>quit?</span> <span class='ocrx_word' id='word_1_129' title='bbox 534 2373 679 2471; x_wconf 87' lang='lat' dir='ltr'>proinde</span> <span class='ocrx_word' id='word_1_130' title='bbox 692 2388 730 2443; x_wconf 93' lang='lat' dir='ltr'>ut</span> <span class='ocrx_word' id='word_1_131' title='bbox 747 2397 819 2443; x_wconf 89' lang='lat' dir='ltr'>non</span> <span class='ocrx_word' id='word_1_132' title='bbox 840 2370 1019 2468; x_wconf 87' lang='lat' dir='ltr'>aliquoties</span> <span class='ocrx_word' id='word_1_133' title='bbox 1039 2373 1170 2446; x_wconf 89' lang='lat' dir='ltr'>dicatur</span> <span class='ocrx_word' id='word_1_134' title='bbox 1185 2373 1310 2446; x_wconf 84' lang='lat' dir='ltr'>Romae</span> <span class='ocrx_word' id='word_1_135' title='bbox 1325 2400 1388 2470; x_wconf 90' lang='lat' dir='ltr'>pe·</span> 
     </span>
     <span class='ocr_line' id='line_1_19' title="bbox 411 2482 1387 2589; baseline 0 -27"><span class='ocrx_word' id='word_1_136' title='bbox 411 2487 531 2589; x_wconf 89' lang='lat' dir='ltr'>perisse</span> <span class='ocrx_word' id='word_1_137' title='bbox 545 2483 680 2558; x_wconf 88' lang='lat' dir='ltr'>mulam.</span> <span class='ocrx_word' id='word_1_138' title='bbox 691 2482 758 2556; x_wconf 88' lang='lat' dir='ltr'>Cui</span> <span class='ocrx_word' id='word_1_139' title='bbox 773 2512 826 2579; x_wconf 75' lang='lat' dir='ltr'>ego</span> <span class='ocrx_word' id='word_1_140' title='bbox 837 2500 872 2554; x_wconf 91' lang='lat' dir='ltr'>ut</span> <span class='ocrx_word' id='word_1_141' title='bbox 886 2482 1113 2575; x_wconf 90' lang='lat' dir='ltr'>succinerem,</span> <span class='ocrx_word' id='word_1_142' title='bbox 1128 2483 1293 2579; x_wconf 83' lang='lat' dir='ltr'>subjicio,</span> <span class='ocrx_word' id='word_1_143' title='bbox 1308 2490 1387 2562; x_wconf 91' lang='lat' dir='ltr'>Ma·</span> 
     </span>
    </p>
   </div>
   <div class='ocr_carea' id='block_1_3' title="bbox 410 2586 1388 2804">
    <p class='ocr_par' dir='ltr' id='par_1_4' title="bbox 327 2577 1388 2804">
     <span class='ocr_line' id='line_1_20' title="bbox 411 2586 1388 2698; baseline 0.003 -29.762"><span class='ocrx_word' id='word_1_144' title='bbox 411 2620 538 2698; x_wconf 81' lang='lat' dir='ltr'>gonem</span> <span class='ocrx_word' id='word_1_145' title='bbox 557 2597 595 2667; x_wconf 77' lang='grc' dir='ltr'>δι</span> <span class='ocrx_word' id='word_1_146' title='bbox 613 2591 824 2692; x_wconf 76' lang='lat' dir='ltr'>Dionysium</span> <span class='ocrx_word' id='word_1_147' title='bbox 843 2592 1005 2684; x_wconf 87' lang='lat' dir='ltr'>scribere,</span> <span class='ocrx_word' id='word_1_148' title='bbox 1021 2586 1169 2683; x_wconf 80' lang='lat' dir='ltr'>titulant,</span> <span class='ocrx_word' id='word_1_149' title='bbox 1183 2597 1221 2670; x_wconf 89' lang='lat'>&amp;</span> <span class='ocrx_word' id='word_1_150' title='bbox 1240 2621 1388 2693; x_wconf 83' lang='lat' dir='ltr'>equam,</span> 
     </span>
     <span class='ocr_line' id='line_1_21' title="bbox 410 2692 1388 2804; baseline 0.01 -25"><span class='ocrx_word' id='word_1_151' title='bbox 410 2732 492 2786; x_wconf 89' lang='lat' dir='ltr'>cum</span> <span class='ocrx_word' id='word_1_152' title='bbox 513 2704 755 2799; x_wconf 81' lang='lat' dir='ltr'>conceperint,</span> <span class='ocrx_word' id='word_1_153' title='bbox 769 2703 976 2779; x_wconf 89' lang='lat' dir='ltr'>duodecimo</span> <span class='ocrx_word' id='word_1_154' title='bbox 989 2692 1101 2778; x_wconf 81' lang='lat' dir='ltr'>mense</span> <span class='ocrx_word' id='word_1_155' title='bbox 1116 2733 1243 2804; x_wconf 87' lang='lat' dir='ltr'>parere.</span> <span class='ocrx_word' id='word_1_156' title='bbox 1263 2713 1388 2803; x_wconf 86' lang='lat' dir='ltr'>Quare</span> 
     </span>
    </p>
   </div>
   <div class='ocr_carea' id='block_1_4' title="bbox 287 2812 1387 4024">
    <p class='ocr_par' dir='ltr' id='par_1_5' title="bbox 287 2812 1387 3687">
     <span class='ocr_line' id='line_1_22' title="bbox 411 2812 1387 2914; baseline 0.007 -24"><span class='ocrx_word' id='word_1_157' title='bbox 411 2812 629 2907; x_wconf 87' lang='lat' dir='ltr'>non,s1hic</span> <span class='ocrx_word' id='word_1_158' title='bbox 650 2814 686 2884; x_wconf 91' lang='lat' dir='ltr'>in</span> <span class='ocrx_word' id='word_1_159' title='bbox 702 2812 796 2886; x_wconf 88' lang='lat' dir='ltr'>ltalia</span> <span class='ocrx_word' id='word_1_160' title='bbox 817 2838 894 2887; x_wconf 90' lang='lat' dir='ltr'>cum</span> <span class='ocrx_word' id='word_1_161' title='bbox 917 2815 1049 2912; x_wconf 86' lang='lat' dir='ltr'>peperit</span> <span class='ocrx_word' id='word_1_162' title='bbox 1069 2818 1162 2892; x_wconf 91' lang='lat' dir='ltr'>mula</span> <span class='ocrx_word' id='word_1_163' title='bbox 1184 2818 1222 2891; x_wconf 88' lang='lat' dir='ltr'>sit</span> <span class='ocrx_word' id='word_1_164' title='bbox 1242 2840 1387 2914; x_wconf 91' lang='lat' dir='ltr'>porten-</span> 
     </span>
     <span class='ocr_line' id='line_1_23' title="bbox 411 2924 1386 3024; baseline 0.007 -21"><span class='ocrx_word' id='word_1_165' title='bbox 411 2935 511 3015; x_wconf 77' lang='lat' dir='ltr'>tum,</span> <span class='ocrx_word' id='word_1_166' title='bbox 534 2924 678 2999; x_wconf 90' lang='lat' dir='ltr'>assentiri</span> <span class='ocrx_word' id='word_1_167' title='bbox 699 2949 819 2998; x_wconf 89' lang='lat' dir='ltr'>omnes</span> <span class='ocrx_word' id='word_1_168' title='bbox 839 2943 954 3001; x_wconf 86' lang='lat' dir='ltr'>terras.</span> <span class='ocrx_word' id='word_1_169' title='bbox 972 2926 1094 3024; x_wconf 84' lang='lat' dir='ltr'>Neque</span> <span class='ocrx_word' id='word_1_170' title='bbox 1117 2930 1208 3003; x_wconf 90' lang='lat' dir='ltr'>enim</span> <span class='ocrx_word' id='word_1_171' title='bbox 1227 2931 1386 3010; x_wconf 88' lang='lat' dir='ltr'>hirundi-</span> 
     </span>
     <span class='ocr_line' id='line_1_24' title="bbox 370 3035 1384 3149; baseline 0.006 -35.85"><span class='ocrx_word' id='word_1_172' title='bbox 344 3052 373 3149; x_wconf 56' lang='lat'>²,</span> <span class='ocrx_word' id='word_1_173' title='bbox 410 3040 530 3114; x_wconf 70' lang='lat' dir='ltr'>nes‘&amp;</span> <span class='ocrx_word' id='word_1_174' title='bbox 549 3035 710 3123; x_wconf 83' lang='lat' dir='ltr'>ciconiae,</span> <span class='ocrx_word' id='word_1_175' title='bbox 724 3060 798 3129; x_wconf 85' lang='lat' dir='ltr'>qnae</span> <span class='ocrx_word' id='word_1_176' title='bbox 819 3035 854 3105; x_wconf 91' lang='lat' dir='ltr'>in</span> <span class='ocrx_word' id='word_1_177' title='bbox 875 3036 969 3109; x_wconf 87' lang='lat' dir='ltr'>ltalia</span> <span class='ocrx_word' id='word_1_178' title='bbox 989 3038 1148 3133; x_wconf 91' lang='lat' dir='ltr'>pariunt,</span> <span class='ocrx_word' id='word_1_179' title='bbox 1167 3039 1203 3113; x_wconf 93' lang='lat' dir='ltr'>in</span> <span class='ocrx_word' id='word_1_180' title='bbox 1220 3045 1384 3120; x_wconf 88' lang='lat' dir='ltr'>omnibus</span> 
     </span>
     <span class='ocr_line' id='line_1_25' title="bbox 411 3142 1383 3251; baseline 0.01 -32"><span class='ocrx_word' id='word_1_181' title='bbox 411 3145 512 3220; x_wconf 89' lang='lat' dir='ltr'>terris</span> <span class='ocrx_word' id='word_1_182' title='bbox 539 3142 683 3239; x_wconf 88' lang='lat' dir='ltr'>pariunt.</span> <span class='ocrx_word' id='word_1_183' title='bbox 709 3144 793 3215; x_wconf 89' lang='lat' dir='ltr'>Non</span> <span class='ocrx_word' id='word_1_184' title='bbox 820 3143 910 3218; x_wconf 89' lang='lat' dir='ltr'>scitis</span> <span class='ocrx_word' id='word_1_185' title='bbox 942 3149 1131 3243; x_wconf 85' lang='lat' dir='ltr'>palmulas,</span> <span class='ocrx_word' id='word_1_186' title='bbox 1159 3172 1324 3251; x_wconf 80' lang='lat' dir='ltr'>caryotas</span> <span class='ocrx_word' id='word_1_187' title='bbox 1349 3157 1383 3229; x_wconf 90' lang='lat' dir='ltr'>in</span> 
     </span>
     <span class='ocr_line' id='line_1_26' title="bbox 408 3252 1382 3358; baseline 0.006 -27"><span class='ocrx_word' id='word_1_188' title='bbox 408 3255 511 3358; x_wconf 83' lang='lat' dir='ltr'>Syria</span> <span class='ocrx_word' id='word_1_189' title='bbox 535 3278 651 3350; x_wconf 90' lang='lat' dir='ltr'>parere</span> <span class='ocrx_word' id='word_1_190' title='bbox 676 3252 712 3325; x_wconf 89' lang='lat' dir='ltr'>in</span> <span class='ocrx_word' id='word_1_191' title='bbox 734 3254 873 3345; x_wconf 77' lang='lat' dir='ltr'>iudaea,</span> <span class='ocrx_word' id='word_1_192' title='bbox 899 3256 1052 3331; x_wconf 83' lang='lat' dir='ltr'>initalia</span> <span class='ocrx_word' id='word_1_193' title='bbox 1076 3285 1148 3333; x_wconf 87' lang='lat' dir='ltr'>nou</span> <span class='ocrx_word' id='word_1_194' title='bbox 1169 3261 1296 3356; x_wconf 76' lang='lat' dir='ltr'>posse?</span> <span class='ocrx_word' id='word_1_195' title='bbox 1321 3267 1382 3338; x_wconf 85' lang='lat' dir='ltr'>Sed</span> 
     </span>
     <span class='ocr_line' id='line_1_27' title="bbox 411 3362 1384 3462; baseline 0.007 -19"><span class='ocrx_word' id='word_1_196' title='bbox 411 3371 565 3442; x_wconf 67' lang='lat' dir='ltr'>Seston</span> <span class='ocrx_word' id='word_1_197' title='bbox 575 3419 588 3453; x_wconf 91' lang='lat'>,</span> <span class='ocrx_word' id='word_1_198' title='bbox 607 3364 641 3436; x_wconf 83' lang='lat' dir='ltr'>Si</span> <span class='ocrx_word' id='word_1_199' title='bbox 663 3362 796 3462; x_wconf 85' lang='lat' dir='ltr'>exigere</span> <span class='ocrx_word' id='word_1_200' title='bbox 812 3365 923 3438; x_wconf 89' lang='lat' dir='ltr'>mavis</span> <span class='ocrx_word' id='word_1_201' title='bbox 938 3365 1007 3440; x_wconf 83' lang='lat' dir='ltr'>sine</span> <span class='ocrx_word' id='word_1_202' title='bbox 1024 3367 1188 3440; x_wconf 90' lang='lat' dir='ltr'>mularum</span> <span class='ocrx_word' id='word_1_203' title='bbox 1203 3369 1384 3451; x_wconf 88' lang='lat' dir='ltr'>foetura&amp;</span> 
     </span>
     <span class='ocr_line' id='line_1_28' title="bbox 287 3474 1382 3589; baseline 0.005 -38"><span class='ocrx_word' id='word_1_204' title='bbox 287 3578 295 3589; x_wconf 38' lang='lat'>·</span> <span class='ocrx_word' id='word_1_205' title='bbox 409 3477 583 3553; x_wconf 85' lang='lat' dir='ltr'>nutricatu</span> <span class='ocrx_word' id='word_1_206' title='bbox 605 3499 781 3546; x_wconf 90' lang='lat' dir='ltr'>numerum</span> <span class='ocrx_word' id='word_1_207' title='bbox 798 3474 973 3574; x_wconf 73' lang='lat' dir='ltr'>osloginta</span> <span class='ocrx_word' id='word_1_208' title='bbox 991 3479 1028 3550; x_wconf 70' lang='grc' dir='ltr'>ὅ(</span> <span class='ocrx_word' id='word_1_209' title='bbox 1039 3502 1169 3566; x_wconf 90' lang='lat' dir='ltr'>unum,</span> <span class='ocrx_word' id='word_1_210' title='bbox 1185 3479 1232 3550; x_wconf 82' lang='lat' dir='ltr'>est</span> <span class='ocrx_word' id='word_1_211' title='bbox 1250 3483 1313 3579; x_wconf 93' lang='lat' dir='ltr'>qui</span> <span class='ocrx_word' id='word_1_212' title='bbox 1326 3510 1382 3557; x_wconf 87' lang='lat' dir='ltr'>ex·</span> 
     </span>
     <span class='ocr_line' id='line_1_29' title="bbox 409 3583 1384 3687; baseline 0.011 -30"><span class='ocrx_word' id='word_1_213' title='bbox 409 3585 511 3687; x_wconf 83' lang='lat' dir='ltr'>pleas</span> <span class='ocrx_word' id='word_1_214' title='bbox 528 3584 697 3679; x_wconf 91' lang='lat' dir='ltr'>duplicem</span> <span class='ocrx_word' id='word_1_215' title='bbox 718 3583 811 3656; x_wconf 87' lang='lat' dir='ltr'>islam</span> <span class='ocrx_word' id='word_1_216' title='bbox 833 3584 1012 3658; x_wconf 86' lang='lat' dir='ltr'>lacunam:</span> <span class='ocrx_word' id='word_1_217' title='bbox 1035 3586 1130 3682; x_wconf 92' lang='lat' dir='ltr'>quod</span> <span class='ocrx_word' id='word_1_218' title='bbox 1144 3594 1384 3668; x_wconf 79' lang='lat' dir='ltr'>extraordina-</span> 
     </span>
    </p>

    <p class='ocr_par' dir='ltr' id='par_1_6' title="bbox 345 3692 1385 4024">
     <span class='ocr_line' id='line_1_30' title="bbox 345 3692 1385 3797; baseline 0.009 -27"><span class='ocrx_word' id='word_1_219' title='bbox 345 3722 349 3728; x_wconf 82' lang='grc'>’</span> <span class='ocrx_word' id='word_1_220' title='bbox 409 3697 473 3772; x_wconf 80' lang='lat' dir='ltr'>tiae</span> <span class='ocrx_word' id='word_1_221' title='bbox 490 3692 656 3765; x_wconf 80' lang='lat' dir='ltr'>srusluum</span> <span class='ocrx_word' id='word_1_222' title='bbox 671 3692 796 3789; x_wconf 91' lang='lat' dir='ltr'>species</span> <span class='ocrx_word' id='word_1_223' title='bbox 811 3693 887 3765; x_wconf 86' lang='lat' dir='ltr'>duae</span> <span class='ocrx_word' id='word_1_224' title='bbox 902 3695 1069 3768; x_wconf 90' lang='lat' dir='ltr'>accedunt</span> <span class='ocrx_word' id='word_1_225' title='bbox 1084 3720 1226 3793; x_wconf 80' lang='lat' dir='ltr'>magnae.</span> <span class='ocrx_word' id='word_1_226' title='bbox 1240 3725 1385 3797; x_wconf 90' lang='lat' dir='ltr'>quarum</span> 
     </span>
     <span class='ocr_line' id='line_1_31' title="bbox 411 3802 1385 3905; baseline 0.012 -29"><span class='ocrx_word' id='word_1_227' title='bbox 411 3831 481 3899; x_wconf 82' lang='lat' dir='ltr'>una</span> <span class='ocrx_word' id='word_1_228' title='bbox 495 3802 543 3876; x_wconf 88' lang='lat' dir='ltr'>est</span> <span class='ocrx_word' id='word_1_229' title='bbox 565 3802 726 3892; x_wconf 86' lang='lat' dir='ltr'>tonsura,</span> <span class='ocrx_word' id='word_1_230' title='bbox 748 3804 843 3900; x_wconf 92' lang='lat' dir='ltr'>quod</span> <span class='ocrx_word' id='word_1_231' title='bbox 862 3828 948 3876; x_wconf 90' lang='lat' dir='ltr'>oves</span> <span class='ocrx_word' id='word_1_232' title='bbox 967 3831 1007 3880; x_wconf 88' lang='lat' dir='ltr'>ac</span> <span class='ocrx_word' id='word_1_233' title='bbox 1032 3832 1148 3902; x_wconf 89' lang='lat' dir='ltr'>capras</span> <span class='ocrx_word' id='word_1_234' title='bbox 1170 3809 1385 3905; x_wconf 87' lang='lat' dir='ltr'>detondent,</span> 
     </span>
     <span class='ocr_line' id='line_1_32' title="bbox 409 3912 1384 4024; baseline 0.011 -36"><span class='ocrx_word' id='word_1_235' title='bbox 409 3934 469 3988; x_wconf 83' lang='lat' dir='ltr'>aut</span> <span class='ocrx_word' id='word_1_236' title='bbox 491 3913 643 3988; x_wconf 86' lang='lat' dir='ltr'>vellunt:</span> <span class='ocrx_word' id='word_1_237' title='bbox 662 3912 784 4001; x_wconf 89' lang='lat' dir='ltr'>altera,</span> <span class='ocrx_word' id='word_1_238' title='bbox 803 3938 879 4010; x_wconf 83' lang='lat' dir='ltr'>quae</span> <span class='ocrx_word' id='word_1_239' title='bbox 898 3913 998 4024; x_wconf 63' lang='lat' dir='ltr'>latius</span> <span class='ocrx_word' id='word_1_240' title='bbox 1011 3935 1125 4010; x_wconf 86' lang='lat' dir='ltr'>patet,</span> <span class='ocrx_word' id='word_1_241' title='bbox 1141 3917 1188 3989; x_wconf 85' lang='lat' dir='ltr'>esl</span> <span class='ocrx_word' id='word_1_242' title='bbox 1208 3920 1250 3992; x_wconf 91' lang='lat' dir='ltr'>de</span> <span class='ocrx_word' id='word_1_243' title='bbox 1273 3923 1384 4015; x_wconf 70' lang='lat' dir='ltr'>laste,</span> 
     </span>
    </p>
   </div>
   <div class='ocr_carea' id='block_1_5' title="bbox 409 4024 1384 4138">
    <p class='ocr_par' dir='ltr' id='par_1_7' title="bbox 409 4024 1384 4138">
     <span class='ocr_line' id='line_1_33' title="bbox 409 4024 1384 4138; baseline 0.011 -35"><span class='ocrx_word' id='word_1_244' title='bbox 409 4026 695 4138; x_wconf 52' lang='lat' dir='ltr'>&amp;caseopquam</span> <span class='ocrx_word' id='word_1_245' title='bbox 708 4024 887 4124; x_wconf 74' lang='lat' dir='ltr'>scriptores</span> <span class='ocrx_word' id='word_1_246' title='bbox 898 4026 1011 4103; x_wconf 88' lang='lat' dir='ltr'>Graeci</span> <span class='ocrx_word' id='word_1_247' title='bbox 1023 4026 1199 4128; x_wconf 86' lang='lat' dir='ltr'>separatim</span> <span class='ocrx_word' id='word_1_248' title='bbox 1213 4038 1384 4126; x_wconf 63' lang='lat' dir='ltr'>reponatis</span> 
     </span>
    </p>
   </div>
   <div class='ocr_carea' id='block_1_6' title="bbox 0 0 1760 5084">
    <p class='ocr_par' dir='ltr' id='par_1_8' title="bbox 0 0 1760 5084">
     <span class='ocr_line' id='line_1_34' title="bbox 0 0 1760 5084; baseline 0 0"><span class='ocrx_word' id='word_1_249' title='bbox 0 0 1760 5084; x_wconf 95' lang='lat' dir='ltr'> </span> 
     </span>
    </p>
   </div>
  </div>
 </body>
</html>
