3509 5084
389 569 466 652 «94
538 553 588 624 u.
612 549 894 622 tanturn
920 548 1220 621 vaanours

392 735 572 788 numerum
591 708 795 799 obtineant,
806 725 845 779 ut
862 705 975 781 solent
992 706 1068 780 bini
1088 707 1165 807 agni
1179 706 1273 783 ovis.
1293 708 1374 807 ple·

391 822 488 917 rique
507 837 544 890 ut
564 818 729 891 accedant
751 841 874 902 canes,
888 815 949 915 qui
971 815 1179 890 consuerunt
1203 817 1270 890 effe
1291 845 1374 895 una.

390 933 534 1006 Cibatus
553 931 646 1003 canis
669 929 815 1027 propior
836 926 1120 1025 hominis,quam
1142 927 1234 1002 ovis.
1258 931 1372 1025 pasci·

390 1065 449 1120 tur
468 1043 558 1115 enim
581 1067 600 1114 e
620 1041 793 1116 culina&
814 1040 962 1130 offibus,
977 1063 1049 1110 non
1062 1039 1176 1113 herbis
1190 1059 1249 1112 aut
1267 1040 1374 1114 fron·

392 1152 502 1226 dibus.
524 1147 719 1246 Diligenter
733 1165 771 1221 ut
793 1147 939 1219 habeant
958 1144 1084 1218 cibaria
1098 1147 1373 1243 providendum.

388 1264 496 1340 fames
511 1259 603 1332 enim
618 1258 683 1332 hos
695 1257 739 1331 ad
751 1256 974 1355 quaerendum
989 1257 1103 1329 cibum
1118 1258 1220 1332 ducet
1229 1314 1242 1348 ,
1260 1259 1372 1340 linon

391 1369 622 1473 praebebitur,
634 1371 701 1443 &a
714 1393 841 1466 pecore
855 1368 1012 1443 abducet.
1031 1367 1139 1441 Nifisr
1155 1366 1214 1467 (ut
1227 1369 1371 1466 quidam

391 1479 543 1582 putant)
569 1480 671 1552 etiam
697 1480 780 1554 illuc
807 1479 1053 1576 pervenerint,
1077 1483 1305 1574 proverbium
1331 1504 1373 1560 ut

391 1594 518 1671 tollant
536 1591 742 1689 antiquum:
765 1592 821 1664 vel
846 1592 949 1665 etiam
972 1610 1012 1664 ut
1028 1604 1123 1686 plau
1149 1595 1305 1691 aperiant
1330 1600 1373 1674 de

391 1707 579 1792 maone,
593 1721 695 1800 atque
713 1700 750 1773 in
770 1701 949 1776 dominum
973 1701 1117 1794 afferant
1135 1704 1266 1780 dentes.
1294 1710 1372 1784 Nec

390 1844 465 1896 non
482 1815 527 1888 ira
543 1837 670 1912 panem
691 1815 897 1901 ordeaceum
915 1812 1085 1905 dandum,
1098 1835 1137 1886 ut
1155 1841 1231 1889 non
1251 1822 1371 1914 potius

388 1956 470 2006 eum
492 1927 529 2000 in
551 1925 633 1999 {alie
652 1924 711 1998 des
733 1923 908 2014 intritum,
928 1927 1081 2021 quod'eo
1104 1927 1263 2002 consueti
1287 1935 1370 2009 cibo

390 2043 498 2135 uti,a
515 2062 640 2137 pecore
662 2059 735 2109 non
753 2034 825 2108 cito
848 2034 1044 2109 desciscunt.
1070 2038 1272 2114 Morticinae
1293 2047 1370 2120 ovis

389 2181 464 2231 non
486 2152 663 2250 patiuntur
687 2149 780 2224 vesci
800 2175 920 2240 cartre,
936 2175 979 2222 ne
998 2149 1089 2222 tutti
1111 2150 1235 2247 sapore
1256 2155 1370 2235 minus

389 2268 423 2344 se
444 2264 642 2338 abstineant.
665 2263 760 2336 Dant
778 2263 879 2335 etiam
895 2261 947 2354 jus
966 2259 1172 2349 exortibus,
1187 2264 1369 2366 &eaipta

389 2375 461 2450 offa
474 2373 626 2447 contusa.
638 2372 757 2445 dentes
770 2372 862 2443 enim
877 2368 958 2445 facit
977 2368 1166 2460 firmiores,
1179 2373 1222 2447 &
1237 2400 1282 2451 os
1298 2406 1368 2454 ma·

389 2486 440 2584 gis
456 2482 608 2580 patulum
624 2501 824 2578 :propterea
840 2482 936 2579 quod
950 2480 1187 2559 vehementius
1199 2483 1367 2563 diducun-

390 2617 446 2668 tur
475 2594 592 2679 malae,
619 2592 836 2689 acrioresque
863 2590 951 2664 fiunt
975 2610 1117 2688 propter
1139 2595 1366 2676 medullarum

390 2706 559 2800 saporem.
581 2703 708 2776 Cibum
728 2728 847 2799 capere
871 2702 1102 2776 consuescunt
1118 2703 1366 2801 interdiu,ubi
1398 2778 1403 2785 .

389 2813 595 2913 pascuntura
624 2811 777 2906 vesperi,
801 2811 861 2884 ubi
885 2811 1104 2887 stabulantur.
1128 2814 1190 2888 De
1211 2816 1363 2913 foetura,

390 2924 599 3024 principium
613 2922 811 2997 admittendi
826 2921 956 2995 faciunt
969 2923 1059 2997 veris
1071 2924 1249 3024 principio
1263 2959 1274 3004 ε
1288 2951 1365 3011 tunc

390 3033 482 3106 enim
503 3033 663 3104 dicuntur
687 3031 847 3118 catulire,
868 3031 903 3102 id
925 3030 991 3120 est,
1011 3033 1191 3109 ostendere
1214 3040 1310 3116 velle
1333 3044 1362 3117 se

388 3140 552 3215 maritari.
574 3142 760 3232 Quacum
782 3141 950 3231 admissae,
970 3142 1107 3239 pariunt
1131 3148 1275 3228 circiter
1299 3156 1361 3229 so}-

377 3250 493 3324 llitio.
520 3270 729 3347 praegnantes
744 3250 835 3322 enim
857 3251 968 3326 solent
992 3254 1058 3327 esse
1078 3275 1198 3333 ternos
1220 3268 1358 3341 menses.

387 3365 428 3436 ln
443 3361 568 3433 foetura
583 3361 730 3433 dandum
748 3361 864 3457 potius
882 3364 1069 3438 ordeaceos
1083 3395 1187 3466 quam
1207 3375 1360 3452 triticeos

386 3499 503 3571 panes.
517 3472 621 3569 magis
635 3472 725 3546 enim
739 3499 782 3546 co
799 3474 952 3565 aluntur,
965 3477 1003 3551 δι
1015 3477 1108 3552 lauis
1123 3483 1283 3577 praebent
1297 3515 1360 3562 ma·

283 3650 292 3676 ,
386 3581 497 3680 jorem
513 3583 715 3659 facultatem.
739 3587 778 3656 In
798 3587 970 3661 nutricatu
985 3589 1168 3666 secundum
1185 3603 1360 3691 partumfi

387 3693 502 3791 plures
528 3692 625 3780 sunt,
649 3691 758 3765 statim
783 3695 910 3792 eligere
937 3719 1096 3793 oportet,
1122 3730 1214 3799 quos
1242 3711 1361 3787 habere

388 3802 477 3876 velis
490 3857 500 3890 ‚
515 3801 665 3898 reliquos
686 3802 842 3896 abjicere.
856 3832 956 3902 quam
972 3813 1188 3908 pauciffimos
1212 3822 1360 3920 relique·

367 3913 453 3993 'ris‚
470 3928 535 3985 tam
556 3913 679 4010 optimi
696 3913 731 3986 in
747 3915 869 3988 alendo
884 3917 991 4011 fiunt,
1004 3945 1143 4018 propter
1158 3929 1302 4024 copiam
1317 3934 1361 4006 la·

387 4024 459 4116 ctis.
468 4025 695 4101 substernitur
709 4026 758 4103 eis
770 4052 869 4126 acus,
880 4051 939 4106 aut
951 4031 1033 4132 quid
1046 4035 1125 4108 irent
1139 4037 1256 4132 aliud,
1268 4044 1362 4148 quod
