3509 5084
446 553 1280 649 38·M.PORC1USCATO
1451 498 1457 513 =

444 712 550 798 talea,
568 711 685 784 melius
699 710 805 786 vivet.
820 711 934 783 Taleae
951 710 1008 782 ubi
1027 711 1134 782 trisnae
1146 713 1240 801 sunt,
1254 731 1326 785 rum
1341 713 1401 784 de?-

444 821 547 915 uique
561 845 698 893 mature
711 821 808 910 sunt,
821 822 880 895 ubi
899 823 982 892 liber
995 822 1059 892 sese
1074 839 1191 894 vertet.
1206 824 1239 893 Si
1257 823 1293 894 in
1309 823 1403 896 scro⁴

444 932 543 1004 bibus
563 952 619 1003 aut
636 933 671 1003 in
691 931 790 1004 sulcis
811 932 917 1021 seres,
931 951 1040 1006 ternas
1055 933 1152 1005 taleas
1172 935 1318 1029 ponito,
1332 933 1405 1008 eas·

444 1062 511 1136 que
533 1037 731 1138 divaricato.
751 1041 856 1136 Supra
878 1030 1025 1130 terram,
1049 1063 1091 1110 ne
1117 1040 1190 1136 plus
1205 1062 1258 1114 lv·
1278 1041 1405 1141 digitos

408 1211 417 1223 .
445 1147 653 1223 transversos
669 1150 864 1241 emineant,
887 1152 944 1229 vel
962 1150 1085 1224 oculos
1104 1149 1214 1224 serito.
1259 1216 1262 1222 .

403 1334 406 1343 ,
493 1259 616 1331 XLVI.
635 1259 851 1334 Seminarium
867 1258 1015 1334 adhunc
1035 1259 1174 1331 modum
1195 1257 1310 1332 facito.
1332 1263 1404 1332 Lo·

445 1395 523 1445 cum
538 1397 639 1468 quam
657 1372 824 1468 optimum
839 1375 877 1446 δι
890 1360 1128 1470 apertissimum
1147 1372 1186 1444 δι
1198 1369 1404 1443 stercorofis·
1451 1437 1455 1445 .

445 1480 564 1553 simum
592 1482 742 1578 poteris,
769 1485 806 1557 &
828 1509 930 1580 quam
956 1481 1158 1556 fimillimum
1179 1506 1283 1579 genus
1308 1499 1407 1554 rerrae

447 1615 513 1679 eae,
528 1592 587 1664 ubi
600 1592 725 1665 semina
737 1594 904 1690 positurus
917 1593 1002 1682 eris,
1016 1596 1054 1668 &
1067 1591 1117 1665 uti
1131 1616 1175 1665 ne
1189 1592 1289 1665 nimis
1304 1590 1407 1689 longe

449 1699 573 1774 semina
594 1726 634 1774 ex
655 1702 1026 1797 seminarioserantur,
1049 1728 1127 1776 eum
1142 1703 1258 1777 locum
1279 1701 1407 1798 bipalio

447 1811 603 1900 νοηὶιο,
618 1812 831 1911 delapidato‚
846 1815 1042 1913 circumque
1056 1799 1176 1910 saepito
1195 1813 1281 1886 bene
1292 1865 1304 1902 ,
1317 1813 1355 1884 δι
1369 1809 1407 1881 in
1427 1834 1438 1847 ·

448 1919 569 1996 ordine
593 1922 719 2015 serito,
735 1926 771 1998 in
795 1925 1021 2025 sesquipedem
1046 1922 1328 2023 quoquoversum
1355 1937 1406 1994 ta·

448 2033 534 2106 seam
553 2034 722 2113 demittite
734 2092 745 2129 ,
759 2031 1016 2135 op'primitoque
1038 2035 1133 2133 pede.
1153 2035 1187 2107 Si
1211 2058 1328 2130 parum
1350 2031 1409 2103 de·

375 2140 384 2163 ¹
448 2142 594 2241 primere
610 2145 757 2240 poteris,
773 2142 896 2217 malleo
910 2162 967 2216 aut
984 2140 1129 2216 mateola
1143 2139 1284 2239 'adigirm
1303 2137 1409 2234 Digi-

449 2269 522 2327 tum
545 2254 643 2351 supra
671 2273 791 2328 terram
814 2241 922 2325 saciso
942 2249 1067 2324 semina
1088 2251 1283 2341 emineant,
1307 2247 1410 2321 fimo·

449 2382 517 2460 que
534 2362 665 2436 bubulo
688 2361 847 2434 summam
876 2359 995 2432 taleam
1016 2359 1189 2450 oblinito,
1211 2360 1410 2459 fignumque

450 2473 542 2569 apud
562 2471 684 2543 taleam
701 2467 896 2564 apponiro,
916 2469 1107 2565 crebroque
1125 2469 1288 2561 sarito,s1
1312 2469 1410 2544 voles

451 2581 524 2655 cito
551 2577 676 2647 semina
695 2574 854 2650 crescant.
873 2575 917 2649 ad
940 2577 1083 2650 eundem
1109 2580 1251 2653 modum
1269 2580 1334 2653 alia
1359 2580 1411 2661 se·‚

334 2672 340 2702 '
449 2688 541 2762 mna
567 2686 680 2758 seruo.

488 2795 627 2867 XLVu.
641 2791 871 2866 Harundinem
880 2791 926 2866 fic
938 2791 1047 2867 serito.
1058 2794 1195 2868 Ternos
1208 2794 1309 2892 pedes
1324 2820 1410 2871 ocu·

452 2901 506 2979 los
519 2903 703 3001 disponito.
726 2896 906 2977 Vitiarium
917 2902 1037 2977 eodem
1049 2905 1156 2981 modo
1170 2904 1276 2980 facito
1292 2905 1412 2982 serito·

370 3088 373 3094 ,
432 3020 529 3112 que.
552 3014 610 3084 ubi
630 3011 710 3085 vitis
731 3010 821 3085 bima
844 3010 930 3104 erit,
946 3012 1108 3089 resecato.
1125 3013 1185 3088 ubi
1206 3015 1306 3089 trima
1325 3017 1412 3110 erit,

450 3118 594 3194 erimito
606 3173 617 3209 ‚
631 3119 654 3190 sr
670 3144 771 3214 pecus
784 3119 945 3216 pascetur.
970 3122 1028 3195 ubi
1044 3120 1146 3197 vitem
1164 3123 1269 3198 serere
1292 3126 1417 3217 voles,

451 3232 504 3304 ier
523 3231 615 3328 prius
637 3230 812 3322 resecato,
828 3257 929 3330 quam
955 3233 998 3306 ad
1020 3235 1178 3308 arborem
1202 3260 1321 3334 ponas.
1353 3238 1414 3312 ubi

369 3362 372 3373 ·
453 3362 493 3418 v.
510 3343 621 3415 nodos
645 3360 775 3416 veteres
790 3342 1026 3434 habebit‚tum
1040 3344 1082 3416 ad
1099 3346 1253 3418 arborem
1267 3347 1412 3442 ponito,

457 3452 641 3557 quotannis
661 3453 834 3550 porrinam
861 3454 1023 3548 inserito,
1048 3457 1230 3554 quotannis
1253 3456 1390 3530 habebis
1396 3491 1430 3547 ,·

452 3561 548 3664 quod
571 3560 709 3637 eximas.

502 3674 652 3748 xLVffl.
675 3676 863 3748 Pomarium
886 3676 1098 3749 seminarium
1113 3677 1155 3751 ad
1178 3677 1317 3752 eundem
1333 3693 1413 3749 mo*

452 3780 554 3872 dum,
577 3801 675 3878 atque
695 3781 905 3878 oseagineum
925 3784 1039 3859 facito.
1054 3786 1156 3859 Suum
1176 3783 1339 3882 quidquid
1351 3811 1414 3881 ge·
1439 3835 1441 3838 -

453 3919 517 3969 nus
538 3894 698 3966 talearum
720 3890 831 3965 serito.
853 3894 973 3966 Semen
997 3897 1136 3993 cupressi
1159 3895 1216 3968 ubi
1238 3893 1340 3984 seres,
1356 3897 1413 3969 bi·

260 4020 272 4037 '
333 4059 336 4063 .
453 3994 546 4102 palio
564 4005 709 4089 vortito.
730 3996 812 4087 vere
827 4005 942 4107 primo
955 4006 1067 4083 serito.
1079 4009 1200 4108 porcas
1218 4009 1319 4108 pedes
1333 4008 1412 4108 qui·
