<?xml version="1.0" encoding="UTF-8"?>
<!DOCTYPE html PUBLIC "-//W3C//DTD XHTML 1.0 Transitional//EN"
    "http://www.w3.org/TR/xhtml1/DTD/xhtml1-transitional.dtd">
<html xmlns="http://www.w3.org/1999/xhtml" xml:lang="en" lang="en">
 <head>
  <title>
</title>
<meta http-equiv="Content-Type" content="text/html;charset=utf-8" />
  <meta name='ocr-system' content='tesseract 3.04.00' />
  <meta name='ocr-capabilities' content='ocr_page ocr_carea ocr_par ocr_line ocrx_word'/>
</head>
<body>
  <div class='ocr_page' id='page_1' title='image "./scriptoresreiru02gesngoog_0146.png"; bbox 0 0 3509 5084; ppageno 0'>
   <div class='ocr_carea' id='block_1_1' title="bbox 390 564 1016 673">
    <p class='ocr_par' dir='ltr' id='par_1_1' title="bbox 390 564 1016 673">
     <span class='ocr_line' id='line_1_1' title="bbox 390 564 1016 673; baseline -0.021 -31"><span class='ocrx_word' id='word_1_1' title='bbox 390 585 466 642; x_wconf 63' lang='grc' dir='ltr'><strong>αι</strong></span> <span class='ocrx_word' id='word_1_2' title='bbox 673 564 1016 673; x_wconf 20' lang='lat' dir='ltr'><em>&#39;INDEX</em></span> 
     </span>
    </p>
   </div>
   <div class='ocr_carea' id='block_1_2' title="bbox 239 713 1380 1122">
    <p class='ocr_par' dir='ltr' id='par_1_2' title="bbox 239 713 1380 1122">
     <span class='ocr_line' id='line_1_2' title="bbox 510 713 1380 815; baseline -0.006 -31"><span class='ocrx_word' id='word_1_3' title='bbox 510 721 673 800; x_wconf 82' lang='lat' dir='ltr'><strong>appendice</strong></span> <span class='ocrx_word' id='word_1_4' title='bbox 691 713 826 815; x_wconf 74' lang='lat' dir='ltr'><strong>Varronis</strong></span> <span class='ocrx_word' id='word_1_5' title='bbox 846 718 1028 815; x_wconf 78' lang='lat' dir='ltr'><strong>allertionum</strong></span> <span class='ocrx_word' id='word_1_6' title='bbox 1046 717 1195 797; x_wconf 83' lang='lat' dir='ltr'>analogiae</span> <span class='ocrx_word' id='word_1_7' title='bbox 1207 715 1347 815; x_wconf 83' lang='lat' dir='ltr'><strong>sermonis</strong></span> <span class='ocrx_word' id='word_1_8' title='bbox 1378 746 1380 751; x_wconf 51' lang='lat'><strong><em>¹</em></strong></span> 
     </span>
     <span class='ocr_line' id='line_1_3' title="bbox 508 798 1345 958; baseline -0.011 -12"><span class='ocrx_word' id='word_1_9' title='bbox 508 798 1345 958; x_wconf 52' lang='lat' dir='ltr'><strong>ll‘slll&#39;el&#39;lilllllrllisdlpssllell‘cmsllffleb¹&#39;¹⁰&#39;</strong></span> 
     </span>
     <span class='ocr_line' id='line_1_4' title="bbox 239 959 1346 1050; baseline -0.01 -18"><span class='ocrx_word' id='word_1_10' title='bbox 239 995 243 1000; x_wconf 89' lang='lat'><em>·</em></span> <span class='ocrx_word' id='word_1_11' title='bbox 267 1034 268 1038; x_wconf 66' lang='grc'>,</span> <span class='ocrx_word' id='word_1_12' title='bbox 391 966 465 1050; x_wconf 82' lang='lat'>1585</span> <span class='ocrx_word' id='word_1_13' title='bbox 510 967 641 1045; x_wconf 81' lang='lat' dir='ltr'><strong>Parifiis,</strong></span> <span class='ocrx_word' id='word_1_14' title='bbox 660 963 689 1026; x_wconf 92' lang='lat'><strong>8.</strong></span> <span class='ocrx_word' id='word_1_15' title='bbox 705 964 815 1037; x_wconf 87' lang='lat' dir='ltr'><strong>Varro,</strong></span> <span class='ocrx_word' id='word_1_16' title='bbox 828 981 896 1023; x_wconf 91' lang='lat' dir='ltr'><strong>cum</strong></span> <span class='ocrx_word' id='word_1_17' title='bbox 911 960 1025 1039; x_wconf 89' lang='lat' dir='ltr'><strong>reliquis</strong></span> <span class='ocrx_word' id='word_1_18' title='bbox 1041 959 1120 1024; x_wconf 92' lang='lat' dir='ltr'><strong>libris</strong></span> <span class='ocrx_word' id='word_1_19' title='bbox 1138 964 1166 1028; x_wconf 80' lang='lat' dir='ltr'><strong>dc</strong></span> <span class='ocrx_word' id='word_1_20' title='bbox 1183 961 1285 1042; x_wconf 84' lang='lat' dir='ltr'><strong>fragm.</strong></span> <span class='ocrx_word' id='word_1_21' title='bbox 1301 961 1346 1025; x_wconf 82' lang='lat' dir='ltr'><strong>Ex</strong></span> 
     </span>
     <span class='ocr_line' id='line_1_5' title="bbox 508 1042 950 1122; baseline -0.007 -13"><span class='ocrx_word' id='word_1_22' title='bbox 508 1047 555 1122; x_wconf 72' lang='lat' dir='ltr'><strong>lo.</strong></span> <span class='ocrx_word' id='word_1_23' title='bbox 569 1045 634 1110; x_wconf 81' lang='lat' dir='ltr'><strong>Alb.</strong></span> <span class='ocrx_word' id='word_1_24' title='bbox 653 1044 777 1108; x_wconf 84' lang='lat' dir='ltr'><strong>Fabricii</strong></span> <span class='ocrx_word' id='word_1_25' title='bbox 796 1042 870 1106; x_wconf 80' lang='lat' dir='ltr'><strong>Ribl.</strong></span> <span class='ocrx_word' id='word_1_26' title='bbox 885 1042 950 1106; x_wconf 85' lang='lat' dir='ltr'><strong>Lat.</strong></span> 
     </span>
    </p>
   </div>
   <div class='ocr_carea' id='block_1_3' title="bbox 632 1158 1128 1292">
    <p class='ocr_par' dir='ltr' id='par_1_3' title="bbox 632 1158 1128 1292">
     <span class='ocr_line' id='line_1_6' title="bbox 632 1158 1128 1292; baseline -0.018 -20"><span class='ocrx_word' id='word_1_27' title='bbox 632 1207 764 1272; x_wconf 73' lang='lat' dir='ltr'><strong>AETns</strong></span> <span class='ocrx_word' id='word_1_28' title='bbox 785 1206 831 1267; x_wconf 86' lang='lat' dir='ltr'><strong>IV</strong></span> <span class='ocrx_word' id='word_1_29' title='bbox 875 1182 952 1292; x_wconf 54' lang='lat'><strong>1587</strong></span> <span class='ocrx_word' id='word_1_30' title='bbox 971 1239 1007 1254; x_wconf 91' lang='lat'><em>-</em></span> <span class='ocrx_word' id='word_1_31' title='bbox 1028 1158 1128 1286; x_wconf 20' lang='lat'>1735*</span> 
     </span>
    </p>
   </div>
   <div class='ocr_carea' id='block_1_4' title="bbox 380 1364 1390 4127">
    <p class='ocr_par' dir='ltr' id='par_1_4' title="bbox 389 1364 1349 2337">
     <span class='ocr_line' id='line_1_7' title="bbox 389 1364 1346 1451; baseline -0.005 -17"><span class='ocrx_word' id='word_1_32' title='bbox 389 1391 478 1451; x_wconf 88' lang='lat' dir='ltr'><strong>quam</strong></span> <span class='ocrx_word' id='word_1_33' title='bbox 499 1372 730 1433; x_wconf 77' lang='lat' dir='ltr'><strong>commelinianam</strong></span> <span class='ocrx_word' id='word_1_34' title='bbox 746 1385 851 1429; x_wconf 84' lang='lat' dir='ltr'><strong>vocare</strong></span> <span class='ocrx_word' id='word_1_35' title='bbox 866 1367 973 1441; x_wconf 85' lang='lat' dir='ltr'><strong>liceat,</strong></span> <span class='ocrx_word' id='word_1_36' title='bbox 985 1367 1063 1444; x_wconf 91' lang='lat' dir='ltr'><strong>quod</strong></span> <span class='ocrx_word' id='word_1_37' title='bbox 1081 1364 1144 1445; x_wconf 87' lang='lat' dir='ltr'><strong>post</strong></span> <span class='ocrx_word' id='word_1_38' title='bbox 1154 1365 1244 1428; x_wconf 80' lang='lat' dir='ltr'><strong>Ursini</strong></span> <span class='ocrx_word' id='word_1_39' title='bbox 1261 1375 1346 1429; x_wconf 86' lang='lat' dir='ltr'><strong>notas</strong></span> 
     </span>
     <span class='ocr_line' id='line_1_8' title="bbox 508 1432 1349 1530; baseline -0.005 -18"><span class='ocrx_word' id='word_1_40' title='bbox 508 1452 545 1512; x_wconf 90' lang='lat' dir='ltr'><strong>ad</strong></span> <span class='ocrx_word' id='word_1_41' title='bbox 562 1453 678 1528; x_wconf 86' lang='lat' dir='ltr'><strong>Scriptt.</strong></span> <span class='ocrx_word' id='word_1_42' title='bbox 695 1451 811 1510; x_wconf 92' lang='lat' dir='ltr'><strong>rusticos</strong></span> <span class='ocrx_word' id='word_1_43' title='bbox 832 1447 907 1530; x_wconf 84' lang='lat'>1587</span> <span class='ocrx_word' id='word_1_44' title='bbox 921 1449 1013 1510; x_wconf 88' lang='lat' dir='ltr'><strong>editas</strong></span> <span class='ocrx_word' id='word_1_45' title='bbox 1031 1451 1058 1510; x_wconf 73' lang='grc' dir='ltr'>ἃ</span> <span class='ocrx_word' id='word_1_46' title='bbox 1076 1446 1139 1511; x_wconf 82' lang='lat' dir='ltr'><strong>nus.</strong></span> <span class='ocrx_word' id='word_1_47' title='bbox 1156 1432 1272 1524; x_wconf 75' lang='lat' dir='ltr'><strong>Popmae</strong></span> <span class='ocrx_word' id='word_1_48' title='bbox 1292 1448 1349 1510; x_wconf 87' lang='lat' dir='ltr'><strong>Ca-</strong></span> 
     </span>
     <span class='ocr_line' id='line_1_9' title="bbox 508 1528 1345 1604; baseline -0.001 -12"><span class='ocrx_word' id='word_1_49' title='bbox 508 1545 608 1592; x_wconf 91' lang='lat' dir='ltr'><strong>tonem</strong></span> <span class='ocrx_word' id='word_1_50' title='bbox 627 1531 839 1592; x_wconf 88' lang='lat' dir='ltr'><strong>Plantinianum</strong></span> <span class='ocrx_word' id='word_1_51' title='bbox 855 1530 938 1592; x_wconf 83' lang='lat' dir='ltr'><strong>Hier.</strong></span> <span class='ocrx_word' id='word_1_52' title='bbox 953 1529 1173 1603; x_wconf 80' lang='lat' dir='ltr'><strong>Commelinus,</strong></span> <span class='ocrx_word' id='word_1_53' title='bbox 1189 1547 1256 1589; x_wconf 88' lang='lat' dir='ltr'><strong>cum</strong></span> <span class='ocrx_word' id='word_1_54' title='bbox 1267 1528 1345 1604; x_wconf 80' lang='lat' dir='ltr'><strong>Erid.</strong></span> 
     </span>
     <span class='ocr_line' id='line_1_10' title="bbox 508 1611 1340 1690; baseline -0.007 -14"><span class='ocrx_word' id='word_1_55' title='bbox 508 1611 676 1690; x_wconf 81' lang='lat' dir='ltr'><strong>Sylburgio,</strong></span> <span class='ocrx_word' id='word_1_56' title='bbox 706 1612 749 1672; x_wconf 91' lang='lat' dir='ltr'><strong>rei</strong></span> <span class='ocrx_word' id='word_1_57' title='bbox 768 1611 877 1671; x_wconf 83' lang='lat' dir='ltr'><strong>rusticae</strong></span> <span class='ocrx_word' id='word_1_58' title='bbox 902 1614 1031 1672; x_wconf 61' lang='lat' dir='ltr'><strong>auctores</strong></span> <span class='ocrx_word' id='word_1_59' title='bbox 1059 1613 1156 1671; x_wconf 91' lang='lat' dir='ltr'><strong>denuo</strong></span> <span class='ocrx_word' id='word_1_60' title='bbox 1184 1628 1252 1670; x_wconf 88' lang='lat' dir='ltr'><strong>curn</strong></span> <span class='ocrx_word' id='word_1_61' title='bbox 1271 1622 1340 1671; x_wconf 90' lang='lat' dir='ltr'><strong>vett.</strong></span> 
     </span>
     <span class='ocr_line' id='line_1_11' title="bbox 505 1690 1347 1770; baseline -0.001 -16"><span class='ocrx_word' id='word_1_62' title='bbox 505 1692 691 1754; x_wconf 83' lang='lat' dir='ltr'><strong>&#39;editionibus</strong></span> <span class='ocrx_word' id='word_1_63' title='bbox 705 1691 847 1764; x_wconf 88' lang='lat' dir='ltr'><strong>collatos,</strong></span> <span class='ocrx_word' id='word_1_64' title='bbox 866 1691 997 1770; x_wconf 87' lang='lat' dir='ltr'><strong>inprimis</strong></span> <span class='ocrx_word' id='word_1_65' title='bbox 1016 1690 1175 1754; x_wconf 88' lang='lat' dir='ltr'><strong>Palladium</strong></span> <span class='ocrx_word' id='word_1_66' title='bbox 1199 1709 1236 1751; x_wconf 83' lang='lat' dir='ltr'><strong>ex</strong></span> <span class='ocrx_word' id='word_1_67' title='bbox 1256 1710 1347 1753; x_wconf 84' lang='lat' dir='ltr'><strong>menr-</strong></span> 
     </span>
     <span class='ocr_line' id='line_1_12' title="bbox 507 1771 1345 1856; baseline -0.006 -21"><span class='ocrx_word' id='word_1_68' title='bbox 507 1772 604 1835; x_wconf 78' lang='lat' dir='ltr'><strong>branis</strong></span> <span class='ocrx_word' id='word_1_69' title='bbox 622 1774 865 1845; x_wconf 85' lang='lat' dir='ltr'><strong>emendatiorem,</strong></span> <span class='ocrx_word' id='word_1_70' title='bbox 881 1793 954 1856; x_wconf 82' lang='lat'>1595</span> <span class='ocrx_word' id='word_1_71' title='bbox 973 1773 1084 1835; x_wconf 87' lang='lat' dir='ltr'><strong>dederit</strong></span> <span class='ocrx_word' id='word_1_72' title='bbox 1104 1790 1173 1831; x_wconf 92' lang='lat' dir='ltr'><strong>cum</strong></span> <span class='ocrx_word' id='word_1_73' title='bbox 1191 1771 1276 1834; x_wconf 90' lang='lat' dir='ltr'><strong>Indd.</strong></span> <span class='ocrx_word' id='word_1_74' title='bbox 1294 1775 1345 1832; x_wconf 87' lang='lat' dir='ltr'><strong>rri-</strong></span> 
     </span>
     <span class='ocr_line' id='line_1_13' title="bbox 508 1852 1345 1932; baseline -0.002 -16"><span class='ocrx_word' id='word_1_75' title='bbox 508 1855 564 1917; x_wconf 89' lang='lat' dir='ltr'><strong>bus</strong></span> <span class='ocrx_word' id='word_1_76' title='bbox 588 1852 773 1932; x_wconf 82' lang='lat' dir='ltr'><strong>aSylburgio</strong></span> <span class='ocrx_word' id='word_1_77' title='bbox 798 1854 946 1915; x_wconf 68' lang='lat' dir='ltr'><strong>confectas.</strong></span> <span class='ocrx_word' id='word_1_78' title='bbox 966 1853 1134 1915; x_wconf 88' lang='lat' dir='ltr'><strong>Dolendum</strong></span> <span class='ocrx_word' id='word_1_79' title='bbox 1155 1871 1242 1928; x_wconf 89' lang='lat' dir='ltr'><strong>vero,</strong></span> <span class='ocrx_word' id='word_1_80' title='bbox 1264 1854 1345 1929; x_wconf 91' lang='lat' dir='ltr'><strong>quod</strong></span> 
     </span>
     <span class='ocr_line' id='line_1_14' title="bbox 506 1933 1346 2012; baseline -0.005 -13"><span class='ocrx_word' id='word_1_81' title='bbox 506 1935 705 1999; x_wconf 89' lang='lat' dir='ltr'><strong>Commelinus</strong></span> <span class='ocrx_word' id='word_1_82' title='bbox 724 1936 805 2012; x_wconf 85' lang='lat' dir='ltr'><strong>operi</strong></span> <span class='ocrx_word' id='word_1_83' title='bbox 815 1938 989 1997; x_wconf 83' lang='lat' dir='ltr'><strong>immortuus</strong></span> <span class='ocrx_word' id='word_1_84' title='bbox 1000 1935 1050 2011; x_wconf 86' lang='lat' dir='ltr'><strong>est,</strong></span> <span class='ocrx_word' id='word_1_85' title='bbox 1060 1953 1153 2010; x_wconf 86' lang='lat' dir='ltr'><strong>neque</strong></span> <span class='ocrx_word' id='word_1_86' title='bbox 1165 1933 1346 1995; x_wconf 83' lang='lat' dir='ltr'><strong>ircanimad-</strong></span> 
     </span>
     <span class='ocr_line' id='line_1_15' title="bbox 506 2014 1346 2096; baseline -0.004 -17"><span class='ocrx_word' id='word_1_87' title='bbox 506 2019 647 2083; x_wconf 72' lang='lat' dir='ltr'><strong>versiones</strong></span> <span class='ocrx_word' id='word_1_88' title='bbox 661 2017 800 2094; x_wconf 85' lang='lat' dir='ltr'><strong>promillae</strong></span> <span class='ocrx_word' id='word_1_89' title='bbox 812 2017 955 2096; x_wconf 73' lang='lat' dir='ltr'><strong>prodiere,</strong></span> <span class='ocrx_word' id='word_1_90' title='bbox 968 2021 1061 2094; x_wconf 76' lang='lat' dir='ltr'><strong>litque</strong></span> <span class='ocrx_word' id='word_1_91' title='bbox 1073 2015 1135 2076; x_wconf 85' lang='lat' dir='ltr'><strong>haec</strong></span> <span class='ocrx_word' id='word_1_92' title='bbox 1147 2014 1281 2076; x_wconf 62' lang='lat' dir='ltr'><strong>collectio</strong></span> <span class='ocrx_word' id='word_1_93' title='bbox 1293 2035 1346 2093; x_wconf 86' lang='lat' dir='ltr'><strong>per</strong></span> 
     </span>
     <span class='ocr_line' id='line_1_16' title="bbox 506 2095 1345 2176; baseline -0.004 -16"><span class='ocrx_word' id='word_1_94' title='bbox 506 2099 586 2162; x_wconf 89' lang='lat' dir='ltr'><strong>CXL</strong></span> <span class='ocrx_word' id='word_1_95' title='bbox 608 2106 698 2160; x_wconf 89' lang='lat' dir='ltr'><strong>annos</strong></span> <span class='ocrx_word' id='word_1_96' title='bbox 716 2100 884 2176; x_wconf 87' lang='lat' dir='ltr'><strong>progeniem</strong></span> <span class='ocrx_word' id='word_1_97' title='bbox 905 2097 984 2159; x_wconf 86' lang='lat' dir='ltr'><strong>haud</strong></span> <span class='ocrx_word' id='word_1_98' title='bbox 1002 2096 1088 2172; x_wconf 83' lang='lat' dir='ltr'><strong>tulit3&#39;</strong></span> <span class='ocrx_word' id='word_1_99' title='bbox 1104 2095 1154 2157; x_wconf 87' lang='lat' dir='ltr'><strong>sed</strong></span> <span class='ocrx_word' id='word_1_100' title='bbox 1169 2095 1345 2174; x_wconf 80' lang='lat' dir='ltr'><strong>singulorum</strong></span> 
     </span>
     <span class='ocr_line' id='line_1_17' title="bbox 505 2176 1345 2259; baseline -0.004 -19"><span class='ocrx_word' id='word_1_101' title='bbox 505 2180 697 2259; x_wconf 81' lang='lat' dir='ltr'><strong>scriptorum,</strong></span> <span class='ocrx_word' id='word_1_102' title='bbox 711 2180 830 2241; x_wconf 87' lang='lat' dir='ltr'><strong>Catonis</strong></span> <span class='ocrx_word' id='word_1_103' title='bbox 849 2184 877 2242; x_wconf 90' lang='lat'>&amp;</span> <span class='ocrx_word' id='word_1_104' title='bbox 891 2179 1030 2240; x_wconf 87' lang='lat' dir='ltr'><strong>Varronis</strong></span> <span class='ocrx_word' id='word_1_105' title='bbox 1043 2178 1139 2255; x_wconf 86' lang='lat' dir='ltr'><strong>Opera</strong></span> <span class='ocrx_word' id='word_1_106' title='bbox 1154 2190 1266 2240; x_wconf 86' lang='lat' dir='ltr'><strong>tantum</strong></span> <span class='ocrx_word' id='word_1_107' title='bbox 1279 2176 1345 2249; x_wconf 84' lang='lat' dir='ltr'><strong>loos</strong></span> 
     </span>
     <span class='ocr_line' id='line_1_18' title="bbox 506 2259 1344 2337; baseline -0.007 -15"><span class='ocrx_word' id='word_1_108' title='bbox 506 2275 652 2324; x_wconf 88' lang='lat' dir='ltr'><strong>curatores</strong></span> <span class='ocrx_word' id='word_1_109' title='bbox 667 2262 817 2335; x_wconf 86' lang='lat' dir='ltr'><strong>invenere,</strong></span> <span class='ocrx_word' id='word_1_110' title='bbox 828 2264 860 2322; x_wconf 90' lang='lat' dir='ltr'><strong>in</strong></span> <span class='ocrx_word' id='word_1_111' title='bbox 875 2261 979 2337; x_wconf 88' lang='lat' dir='ltr'><strong>quibus</strong></span> <span class='ocrx_word' id='word_1_112' title='bbox 989 2262 1060 2322; x_wconf 88' lang='lat' dir='ltr'><strong>Cato</strong></span> <span class='ocrx_word' id='word_1_113' title='bbox 1076 2260 1191 2336; x_wconf 84' lang='lat' dir='ltr'><strong>Popmae</strong></span> <span class='ocrx_word' id='word_1_114' title='bbox 1201 2294 1235 2305; x_wconf 91' lang='lat'>-</span> <span class='ocrx_word' id='word_1_115' title='bbox 1245 2259 1344 2321; x_wconf 83' lang='lat' dir='ltr'><strong>llleur·</strong></span> 
     </span>
    </p>

    <p class='ocr_par' dir='ltr' id='par_1_5' title="bbox 449 2340 1345 2422">
     <span class='ocr_line' id='line_1_19' title="bbox 449 2340 1345 2422; baseline -0.008 -16"><span class='ocrx_word' id='word_1_116' title='bbox 449 2341 451 2345; x_wconf 68' lang='grc'>’</span> <span class='ocrx_word' id='word_1_117' title='bbox 506 2344 598 2405; x_wconf 86' lang='lat' dir='ltr'><strong>sranus</strong></span> <span class='ocrx_word' id='word_1_118' title='bbox 620 2361 653 2422; x_wconf 74' lang='grc' dir='ltr'><strong>ις</strong></span> <span class='ocrx_word' id='word_1_119' title='bbox 679 2342 696 2402; x_wconf 92' lang='lat'>8</span> <span class='ocrx_word' id='word_1_120' title='bbox 717 2343 859 2415; x_wconf 73' lang='lat'>&amp;16203</span> <span class='ocrx_word' id='word_1_121' title='bbox 886 2343 1012 2418; x_wconf 88' lang='lat' dir='ltr'><strong>itemque</strong></span> <span class='ocrx_word' id='word_1_122' title='bbox 1031 2342 1119 2402; x_wconf 90' lang='lat' dir='ltr'><strong>Varro</strong></span> <span class='ocrx_word' id='word_1_123' title='bbox 1139 2340 1345 2416; x_wconf 85' lang='lat' dir='ltr'><strong>Popmaeanus,</strong></span> 
     </span>
    </p>

    <p class='ocr_par' dir='ltr' id='par_1_6' title="bbox 380 2360 1347 2502">
     <span class='ocr_line' id='line_1_20' title="bbox 380 2360 1347 2502; baseline -0.003 -19"><span class='ocrx_word' id='word_1_124' title='bbox 380 2478 389 2494; x_wconf 76' lang='grc'><strong><em>,</em></strong></span> <span class='ocrx_word' id='word_1_125' title='bbox 508 2360 851 2496; x_wconf 63' lang='lat' dir='ltr'><strong>1601‚&amp;3ordracenus</strong></span> <span class='ocrx_word' id='word_1_126' title='bbox 867 2420 1005 2499; x_wconf 81' lang='lat' dir='ltr'><strong>Scaligeri</strong></span> <span class='ocrx_word' id='word_1_127' title='bbox 1027 2424 1120 2502; x_wconf 87' lang='lat'>1619,</span> <span class='ocrx_word' id='word_1_128' title='bbox 1137 2422 1265 2497; x_wconf 90' lang='lat' dir='ltr'><strong>quinque</strong></span> <span class='ocrx_word' id='word_1_129' title='bbox 1282 2420 1347 2498; x_wconf 87' lang='lat' dir='ltr'><strong>post</strong></span> 
     </span>
    </p>

    <p class='ocr_par' dir='ltr' id='par_1_7' title="bbox 407 2501 1344 2578">
     <span class='ocr_line' id='line_1_21' title="bbox 407 2501 1344 2578; baseline 0 -16"><span class='ocrx_word' id='word_1_130' title='bbox 407 2515 415 2538; x_wconf 83' lang='lat'><strong><em>‘</em></strong></span> <span class='ocrx_word' id='word_1_131' title='bbox 506 2504 590 2563; x_wconf 90' lang='lat' dir='ltr'><strong>annis</strong></span> <span class='ocrx_word' id='word_1_132' title='bbox 609 2501 723 2565; x_wconf 85' lang='lat' dir='ltr'><strong>recusus</strong></span> <span class='ocrx_word' id='word_1_133' title='bbox 742 2501 898 2562; x_wconf 82' lang='lat' dir='ltr'><strong>Amllelod.</strong></span> <span class='ocrx_word' id='word_1_134' title='bbox 916 2501 1057 2577; x_wconf 83' lang='lat' dir='ltr'><strong>praestant.</strong></span> <span class='ocrx_word' id='word_1_135' title='bbox 1081 2501 1125 2561; x_wconf 86' lang='lat' dir='ltr'><strong>nb</strong></span> <span class='ocrx_word' id='word_1_136' title='bbox 1147 2518 1183 2560; x_wconf 91' lang='lat' dir='ltr'><strong>eo</strong></span> <span class='ocrx_word' id='word_1_137' title='bbox 1212 2515 1344 2578; x_wconf 88' lang='lat' dir='ltr'><strong>tempore</strong></span> 
     </span>
    </p>

    <p class='ocr_par' dir='ltr' id='par_1_8' title="bbox 402 2578 1390 2740">
     <span class='ocr_line' id='line_1_22' title="bbox 402 2578 1390 2664; baseline 0.001 -22"><span class='ocrx_word' id='word_1_138' title='bbox 402 2578 410 2589; x_wconf 71' lang='grc'><strong>“</strong></span> <span class='ocrx_word' id='word_1_139' title='bbox 505 2583 619 2657; x_wconf 80' lang='lat' dir='ltr'><strong>jacuere</strong></span> <span class='ocrx_word' id='word_1_140' title='bbox 628 2581 690 2642; x_wconf 85' lang='lat' dir='ltr'><strong>haec</strong></span> <span class='ocrx_word' id='word_1_141' title='bbox 698 2581 789 2642; x_wconf 88' lang='lat' dir='ltr'><strong>studia</strong></span> <span class='ocrx_word' id='word_1_142' title='bbox 802 2581 890 2658; x_wconf 81' lang='lat' dir='ltr'><strong>usque</strong></span> <span class='ocrx_word' id='word_1_143' title='bbox 899 2581 935 2642; x_wconf 89' lang='lat' dir='ltr'><strong>ad</strong></span> <span class='ocrx_word' id='word_1_144' title='bbox 946 2600 991 2642; x_wconf 85' lang='lat' dir='ltr'><strong>an.</strong></span> <span class='ocrx_word' id='word_1_145' title='bbox 1004 2600 1089 2664; x_wconf 79' lang='lat'>1735,</span> <span class='ocrx_word' id='word_1_146' title='bbox 1099 2599 1156 2657; x_wconf 91' lang='lat' dir='ltr'><strong>quo</strong></span> <span class='ocrx_word' id='word_1_147' title='bbox 1168 2600 1202 2642; x_wconf 90' lang='lat' dir='ltr'><strong>ea</strong></span> <span class='ocrx_word' id='word_1_148' title='bbox 1211 2601 1344 2660; x_wconf 84' lang='lat' dir='ltr'><strong>reparare</strong></span> <span class='ocrx_word' id='word_1_149' title='bbox 1382 2650 1390 2658; x_wconf 22' lang='lat' dir='ltr'>q</span> 
     </span>
     <span class='ocr_line' id='line_1_23' title="bbox 505 2660 933 2740; baseline 0.005 -19"><span class='ocrx_word' id='word_1_150' title='bbox 505 2665 596 2739; x_wconf 71' lang='lat' dir='ltr'><strong>coepit</strong></span> <span class='ocrx_word' id='word_1_151' title='bbox 607 2662 652 2736; x_wconf 86' lang='lat' dir='ltr'><strong>Jo.</strong></span> <span class='ocrx_word' id='word_1_152' title='bbox 671 2660 779 2724; x_wconf 85' lang='lat' dir='ltr'><strong>Matth.</strong></span> <span class='ocrx_word' id='word_1_153' title='bbox 795 2663 933 2740; x_wconf 81' lang='lat' dir='ltr'><strong>Gesnerus.</strong></span> 
     </span>
    </p>

    <p class='ocr_par' dir='ltr' id='par_1_9' title="bbox 386 2740 1345 2827">
     <span class='ocr_line' id='line_1_24' title="bbox 386 2740 1345 2827; baseline -0.002 -22"><span class='ocrx_word' id='word_1_154' title='bbox 386 2740 463 2827; x_wconf 81' lang='lat'>1587</span> <span class='ocrx_word' id='word_1_155' title='bbox 504 2744 609 2816; x_wconf 77' lang='lat' dir='ltr'><strong>Roma,</strong></span> <span class='ocrx_word' id='word_1_156' title='bbox 630 2742 657 2803; x_wconf 93' lang='lat'><strong>8.</strong></span> <span class='ocrx_word' id='word_1_157' title='bbox 680 2740 773 2804; x_wconf 87' lang='lat' dir='ltr'><strong>Fulvii</strong></span> <span class='ocrx_word' id='word_1_158' title='bbox 795 2744 886 2819; x_wconf 82' lang='lat' dir='ltr'><strong>Urfinr’</strong></span> <span class='ocrx_word' id='word_1_159' title='bbox 911 2752 987 2802; x_wconf 84' lang='lat' dir='ltr'><strong>notae</strong></span> <span class='ocrx_word' id='word_1_160' title='bbox 1002 2744 1039 2804; x_wconf 91' lang='lat' dir='ltr'><strong>ad</strong></span> <span class='ocrx_word' id='word_1_161' title='bbox 1057 2742 1218 2816; x_wconf 90' lang='lat' dir='ltr'><strong>Catonern,</strong></span> <span class='ocrx_word' id='word_1_162' title='bbox 1238 2743 1345 2803; x_wconf 86' lang='lat' dir='ltr'><strong>Varro·</strong></span> 
     </span>
    </p>

    <p class='ocr_par' dir='ltr' id='par_1_10' title="bbox 422 2821 1345 2982">
     <span class='ocr_line' id='line_1_25' title="bbox 422 2821 1345 2899; baseline 0.002 -16"><span class='ocrx_word' id='word_1_163' title='bbox 422 2822 425 2827; x_wconf 83' lang='grc'><strong>’</strong></span> <span class='ocrx_word' id='word_1_164' title='bbox 505 2842 595 2899; x_wconf 74' lang='lat' dir='ltr'><strong>nem,</strong></span> <span class='ocrx_word' id='word_1_165' title='bbox 613 2821 823 2897; x_wconf 87' lang='lat' dir='ltr'><strong>Columellam,</strong></span> <span class='ocrx_word' id='word_1_166' title='bbox 848 2821 1053 2885; x_wconf 89' lang='lat' dir='ltr'><strong>Kalendarium</strong></span> <span class='ocrx_word' id='word_1_167' title='bbox 1070 2823 1219 2885; x_wconf 89' lang='lat' dir='ltr'><strong>Rusticum</strong></span> <span class='ocrx_word' id='word_1_168' title='bbox 1238 2822 1345 2885; x_wconf 83' lang='lat' dir='ltr'><strong>Fame·</strong></span> 
     </span>
     <span class='ocr_line' id='line_1_26' title="bbox 504 2902 1239 2982; baseline 0 -17"><span class='ocrx_word' id='word_1_169' title='bbox 504 2904 663 2980; x_wconf 72' lang='lat' dir='ltr'><strong>sianum&amp;</strong></span> <span class='ocrx_word' id='word_1_170' title='bbox 679 2917 786 2966; x_wconf 88' lang='lat' dir='ltr'><strong>veteres</strong></span> <span class='ocrx_word' id='word_1_171' title='bbox 799 2902 941 2982; x_wconf 86' lang='lat' dir='ltr'><strong>Inscriptt.</strong></span> <span class='ocrx_word' id='word_1_172' title='bbox 951 2903 1073 2966; x_wconf 83' lang='lat' dir='ltr'><strong>fratrum</strong></span> <span class='ocrx_word' id='word_1_173' title='bbox 1085 2902 1239 2966; x_wconf 78' lang='lat' dir='ltr'><strong>Arvalium.</strong></span> 
     </span>
    </p>

    <p class='ocr_par' dir='ltr' id='par_1_11' title="bbox 386 2984 1342 3212">
     <span class='ocr_line' id='line_1_27' title="bbox 386 2984 1342 3070; baseline -0.001 -22"><span class='ocrx_word' id='word_1_174' title='bbox 386 3006 462 3070; x_wconf 80' lang='lat'>¹590</span> <span class='ocrx_word' id='word_1_175' title='bbox 502 2989 588 3067; x_wconf 75' lang='lat' dir='ltr'><strong>lugd.</strong></span> <span class='ocrx_word' id='word_1_176' title='bbox 616 2986 682 3070; x_wconf 76' lang='lat' dir='ltr'><strong>Bar.</strong></span> <span class='ocrx_word' id='word_1_177' title='bbox 707 2984 735 3046; x_wconf 89' lang='lat'><strong>8.</strong></span> <span class='ocrx_word' id='word_1_178' title='bbox 758 2985 931 3048; x_wconf 84' lang='lat' dir='ltr'><strong>ex.officina</strong></span> <span class='ocrx_word' id='word_1_179' title='bbox 956 2985 1141 3049; x_wconf 76' lang='lat' dir='ltr'><strong>Flaminiana.</strong></span> <span class='ocrx_word' id='word_1_180' title='bbox 1162 2984 1252 3058; x_wconf 89' lang='lat' dir='ltr'><strong>Caro,</strong></span> <span class='ocrx_word' id='word_1_181' title='bbox 1274 3006 1342 3047; x_wconf 87' lang='lat' dir='ltr'><strong>cum</strong></span> 
     </span>
     <span class='ocr_line' id='line_1_28' title="bbox 497 3064 1342 3146; baseline 0.001 -20"><span class='ocrx_word' id='word_1_182' title='bbox 497 3067 674 3146; x_wconf 73' lang='lat' dir='ltr'><strong>&#39;fragmentis</strong></span> <span class='ocrx_word' id='word_1_183' title='bbox 699 3064 822 3128; x_wconf 88' lang='lat' dir='ltr'><strong>aliorum</strong></span> <span class='ocrx_word' id='word_1_184' title='bbox 854 3066 1005 3130; x_wconf 88' lang='lat' dir='ltr'><strong>librorum.</strong></span> <span class='ocrx_word' id='word_1_185' title='bbox 1035 3087 1104 3129; x_wconf 89' lang='lat' dir='ltr'><strong>cum</strong></span> <span class='ocrx_word' id='word_1_186' title='bbox 1123 3067 1198 3128; x_wconf 89' lang='lat' dir='ltr'><strong>notis</strong></span> <span class='ocrx_word' id='word_1_187' title='bbox 1225 3066 1342 3128; x_wconf 80' lang='lat' dir='ltr'><strong>Ausonii</strong></span> 
     </span>
     <span class='ocr_line' id='line_1_29' title="bbox 503 3151 620 3212; baseline -0.017 0"><span class='ocrx_word' id='word_1_188' title='bbox 503 3151 547 3208; x_wconf 84' lang='lat' dir='ltr'><strong>Po</strong></span> <span class='ocrx_word' id='word_1_189' title='bbox 565 3169 620 3212; x_wconf 77' lang='lat' dir='ltr'><strong>na.</strong></span> 
     </span>
    </p>

    <p class='ocr_par' dir='ltr' id='par_1_12' title="bbox 386 3171 1341 3792">
     <span class='ocr_line' id='line_1_30' title="bbox 386 3171 1337 3313; baseline 0.002 -24"><span class='ocrx_word' id='word_1_190' title='bbox 386 3246 458 3313; x_wconf 83' lang='lat'>1595</span> <span class='ocrx_word' id='word_1_191' title='bbox 492 3171 695 3310; x_wconf 59' lang='lat' dir='ltr'><strong>‘Heldelbergm</strong></span> <span class='ocrx_word' id='word_1_192' title='bbox 713 3227 741 3288; x_wconf 93' lang='lat'><strong>8.</strong></span> <span class='ocrx_word' id='word_1_193' title='bbox 770 3246 807 3288; x_wconf 81' lang='lat' dir='ltr'><strong>eu</strong></span> <span class='ocrx_word' id='word_1_194' title='bbox 832 3227 951 3292; x_wconf 90' lang='lat' dir='ltr'><strong>Hieron.</strong></span> <span class='ocrx_word' id='word_1_195' title='bbox 965 3229 1118 3290; x_wconf 48' lang='lat' dir='ltr'><strong>*Commelini</strong></span> <span class='ocrx_word' id='word_1_196' title='bbox 1134 3228 1337 3308; x_wconf 83' lang='lat' dir='ltr'><strong>typographio.</strong></span> 
     </span>
     <span class='ocr_line' id='line_1_31' title="bbox 503 3309 1332 3386; baseline 0.001 -14"><span class='ocrx_word' id='word_1_197' title='bbox 503 3311 557 3372; x_wconf 90' lang='lat' dir='ltr'><strong>Rei</strong></span> <span class='ocrx_word' id='word_1_198' title='bbox 579 3309 686 3371; x_wconf 87' lang='lat' dir='ltr'><strong>rusticae</strong></span> <span class='ocrx_word' id='word_1_199' title='bbox 699 3311 833 3371; x_wconf 70' lang='lat' dir='ltr'><strong>&#39;auctores</strong></span> <span class='ocrx_word' id='word_1_200' title='bbox 863 3309 945 3371; x_wconf 89' lang='lat' dir='ltr'><strong>latini</strong></span> <span class='ocrx_word' id='word_1_201' title='bbox 967 3324 1093 3385; x_wconf 79' lang='lat' dir='ltr'><strong>veteres,</strong></span> <span class='ocrx_word' id='word_1_202' title='bbox 1112 3311 1154 3373; x_wconf 79' lang='lat' dir='ltr'><strong>m.</strong></span> <span class='ocrx_word' id='word_1_203' title='bbox 1177 3310 1269 3386; x_wconf 87' lang='lat' dir='ltr'><strong>Cato,</strong></span> <span class='ocrx_word' id='word_1_204' title='bbox 1288 3310 1332 3373; x_wconf 77' lang='lat' dir='ltr'><strong>M.</strong></span> 
     </span>
     <span class='ocr_line' id='line_1_32' title="bbox 501 3389 1341 3472; baseline 0.002 -21"><span class='ocrx_word' id='word_1_205' title='bbox 501 3393 611 3472; x_wconf 82' lang='lat' dir='ltr'><strong>Varro,</strong></span> <span class='ocrx_word' id='word_1_206' title='bbox 630 3391 661 3452; x_wconf 84' lang='lat' dir='ltr'><strong>L.</strong></span> <span class='ocrx_word' id='word_1_207' title='bbox 680 3389 863 3465; x_wconf 89' lang='lat' dir='ltr'><strong>Columella,</strong></span> <span class='ocrx_word' id='word_1_208' title='bbox 885 3389 1037 3454; x_wconf 86' lang='lat' dir='ltr'><strong>Palladius.</strong></span> <span class='ocrx_word' id='word_1_209' title='bbox 1055 3392 1165 3454; x_wconf 86' lang='lat' dir='ltr'><strong>Priores</strong></span> <span class='ocrx_word' id='word_1_210' title='bbox 1185 3406 1273 3453; x_wconf 89' lang='lat' dir='ltr'><strong>trese</strong></span> <span class='ocrx_word' id='word_1_211' title='bbox 1293 3412 1341 3453; x_wconf 84' lang='lat' dir='ltr'><strong>ve·</strong></span> 
     </span>
     <span class='ocr_line' id='line_1_33' title="bbox 500 3470 1341 3550; baseline 0.001 -18"><span class='ocrx_word' id='word_1_212' title='bbox 500 3470 655 3533; x_wconf 84' lang='lat' dir='ltr'><strong>tustiffimis</strong></span> <span class='ocrx_word' id='word_1_213' title='bbox 666 3472 861 3534; x_wconf 90' lang='lat' dir='ltr'><strong>editionibus:</strong></span> <span class='ocrx_word' id='word_1_214' title='bbox 877 3486 1030 3550; x_wconf 88' lang='lat' dir='ltr'><strong>quartuse</strong></span> <span class='ocrx_word' id='word_1_215' title='bbox 1041 3473 1186 3535; x_wconf 89' lang='lat' dir='ltr'><strong>veteribus</strong></span> <span class='ocrx_word' id='word_1_216' title='bbox 1199 3473 1341 3533; x_wconf 89' lang='lat' dir='ltr'><strong>membra·</strong></span> 
     </span>
     <span class='ocr_line' id='line_1_34' title="bbox 501 3551 1341 3629; baseline 0.004 -18"><span class='ocrx_word' id='word_1_217' title='bbox 501 3552 547 3612; x_wconf 91' lang='lat' dir='ltr'><strong>nis</strong></span> <span class='ocrx_word' id='word_1_218' title='bbox 570 3551 797 3629; x_wconf 87' lang='lat' dir='ltr'><strong>aliquammultis</strong></span> <span class='ocrx_word' id='word_1_219' title='bbox 815 3555 846 3615; x_wconf 91' lang='lat' dir='ltr'><strong>in</strong></span> <span class='ocrx_word' id='word_1_220' title='bbox 864 3552 936 3615; x_wconf 92' lang='lat' dir='ltr'><strong>locis</strong></span> <span class='ocrx_word' id='word_1_221' title='bbox 952 3554 1183 3616; x_wconf 89' lang='lat' dir='ltr'><strong>emendatiores:</strong></span> <span class='ocrx_word' id='word_1_222' title='bbox 1203 3573 1269 3614; x_wconf 90' lang='lat' dir='ltr'><strong>cum</strong></span> <span class='ocrx_word' id='word_1_223' title='bbox 1293 3556 1341 3614; x_wconf 90' lang='lat' dir='ltr'><strong>rri-</strong></span> 
     </span>
     <span class='ocr_line' id='line_1_35' title="bbox 501 3632 1341 3712; baseline -0.005 -19"><span class='ocrx_word' id='word_1_224' title='bbox 501 3633 556 3693; x_wconf 86' lang='lat' dir='ltr'><strong>bus</strong></span> <span class='ocrx_word' id='word_1_225' title='bbox 567 3632 733 3709; x_wconf 89' lang='lat' dir='ltr'><strong>indicibus,</strong></span> <span class='ocrx_word' id='word_1_226' title='bbox 748 3636 891 3712; x_wconf 86' lang='lat' dir='ltr'><strong>capitum,</strong></span> <span class='ocrx_word' id='word_1_227' title='bbox 911 3639 1064 3699; x_wconf 72' lang='lat' dir='ltr'><strong>auetorum</strong></span> <span class='ocrx_word' id='word_1_228' title='bbox 1084 3639 1215 3698; x_wconf 86' lang='lat' dir='ltr'><strong>&amp;rerum</strong></span> <span class='ocrx_word' id='word_1_229' title='bbox 1232 3652 1266 3694; x_wconf 92' lang='lat' dir='ltr'><strong>ac</strong></span> <span class='ocrx_word' id='word_1_230' title='bbox 1279 3654 1341 3694; x_wconf 88' lang='lat' dir='ltr'><strong>ver.</strong></span> 
     </span>
     <span class='ocr_line' id='line_1_36' title="bbox 503 3713 1340 3792; baseline 0.004 -18"><span class='ocrx_word' id='word_1_231' title='bbox 503 3713 608 3774; x_wconf 90' lang='lat' dir='ltr'><strong>borum</strong></span> <span class='ocrx_word' id='word_1_232' title='bbox 633 3715 875 3777; x_wconf 88' lang='lat' dir='ltr'><strong>memorabilium.</strong></span> <span class='ocrx_word' id='word_1_233' title='bbox 899 3714 1120 3778; x_wconf 74' lang='lat' dir='ltr'><strong>criticorum&amp;</strong></span> <span class='ocrx_word' id='word_1_234' title='bbox 1144 3714 1340 3792; x_wconf 79' lang='lat' dir='ltr'><strong>expositorum</strong></span> 
     </span>
    </p>

    <p class='ocr_par' dir='ltr' id='par_1_13' title="bbox 410 3791 1340 4127">
     <span class='ocr_line' id='line_1_37' title="bbox 410 3791 1340 3875; baseline 0 -19"><span class='ocrx_word' id='word_1_235' title='bbox 410 3791 417 3801; x_wconf 84' lang='grc'>’</span> <span class='ocrx_word' id='word_1_236' title='bbox 501 3795 533 3856; x_wconf 92' lang='lat' dir='ltr'><strong>in</strong></span> <span class='ocrx_word' id='word_1_237' title='bbox 553 3792 670 3856; x_wconf 82' lang='lat' dir='ltr'><strong>eosdem</strong></span> <span class='ocrx_word' id='word_1_238' title='bbox 688 3810 774 3871; x_wconf 86' lang='lat' dir='ltr'><strong>atque</strong></span> <span class='ocrx_word' id='word_1_239' title='bbox 793 3796 977 3872; x_wconf 87' lang='lat' dir='ltr'><strong>Geoponicos</strong></span> <span class='ocrx_word' id='word_1_240' title='bbox 992 3814 1098 3875; x_wconf 85' lang='lat' dir='ltr'><strong>graecos</strong></span> <span class='ocrx_word' id='word_1_241' title='bbox 1115 3796 1280 3856; x_wconf 87' lang='lat' dir='ltr'><strong>notationes</strong></span> <span class='ocrx_word' id='word_1_242' title='bbox 1301 3797 1340 3856; x_wconf 86' lang='lat' dir='ltr'><strong>se·</strong></span> 
     </span>
     <span class='ocr_line' id='line_1_38' title="bbox 465 3873 1339 3956; baseline 0 -19"><span class='ocrx_word' id='word_1_243' title='bbox 465 3888 471 3929; x_wconf 75' lang='grc' dir='ltr'><em>ἱ</em></span> <span class='ocrx_word' id='word_1_244' title='bbox 494 3873 598 3938; x_wconf 82' lang='lat' dir='ltr'><strong>o‘rsum</strong></span> <span class='ocrx_word' id='word_1_245' title='bbox 621 3874 776 3938; x_wconf 88' lang='lat' dir='ltr'><strong>dabuntur.</strong></span> <span class='ocrx_word' id='word_1_246' title='bbox 797 3911 831 3924; x_wconf 93' lang='lat'><em>-</em></span> <span class='ocrx_word' id='word_1_247' title='bbox 848 3876 1102 3956; x_wconf 82' lang='lat' dir='ltr'><strong>Frid.Sylburgius</strong></span> <span class='ocrx_word' id='word_1_248' title='bbox 1120 3875 1246 3937; x_wconf 89' lang='lat' dir='ltr'><strong>confecit</strong></span> <span class='ocrx_word' id='word_1_249' title='bbox 1262 3879 1339 3937; x_wconf 91' lang='lat' dir='ltr'><strong>indi-</strong></span> 
     </span>
     <span class='ocr_line' id='line_1_39' title="bbox 503 3955 1337 4036; baseline -0.004 -19"><span class='ocrx_word' id='word_1_250' title='bbox 503 3977 560 4018; x_wconf 90' lang='lat' dir='ltr'><strong>ces.</strong></span> <span class='ocrx_word' id='word_1_251' title='bbox 577 3955 775 4019; x_wconf 88' lang='lat' dir='ltr'><strong>Commelinus</strong></span> <span class='ocrx_word' id='word_1_252' title='bbox 793 3976 860 4018; x_wconf 86' lang='lat' dir='ltr'><strong>vero</strong></span> <span class='ocrx_word' id='word_1_253' title='bbox 877 3957 946 4020; x_wconf 85' lang='lat' dir='ltr'><strong>fatis</strong></span> <span class='ocrx_word' id='word_1_254' title='bbox 964 3960 1137 4036; x_wconf 86' lang='lat' dir='ltr'><strong>interceptus</strong></span> <span class='ocrx_word' id='word_1_255' title='bbox 1150 3975 1203 4018; x_wconf 89' lang='lat' dir='ltr'><strong>nec</strong></span> <span class='ocrx_word' id='word_1_256' title='bbox 1223 3958 1337 4033; x_wconf 82' lang='lat' dir='ltr'><strong>Geopo.</strong></span> 
     </span>
     <span class='ocr_line' id='line_1_40' title="bbox 504 4039 1338 4127; baseline 0.004 -26"><span class='ocrx_word' id='word_1_257' title='bbox 504 4040 586 4105; x_wconf 88' lang='lat' dir='ltr'><strong>nicos</strong></span> <span class='ocrx_word' id='word_1_258' title='bbox 602 4039 686 4102; x_wconf 89' lang='lat' dir='ltr'><strong>edere</strong></span> <span class='ocrx_word' id='word_1_259' title='bbox 697 4041 795 4118; x_wconf 84' lang='lat' dir='ltr'><strong>potuit</strong></span> <span class='ocrx_word' id='word_1_260' title='bbox 803 4068 816 4116; x_wconf 59' lang='lat'><strong>,¹</strong></span> <span class='ocrx_word' id='word_1_261' title='bbox 829 4057 886 4102; x_wconf 88' lang='lat' dir='ltr'><strong>nec</strong></span> <span class='ocrx_word' id='word_1_262' title='bbox 904 4039 1164 4127; x_wconf 81' lang='lat' dir='ltr'><strong>animadversiones</strong></span> <span class='ocrx_word' id='word_1_263' title='bbox 1177 4039 1338 4118; x_wconf 79' lang='lat' dir='ltr'><strong>promillas.</strong></span> 
     </span>
    </p>
   </div>
   <div class='ocr_carea' id='block_1_5' title="bbox 0 0 1760 5084">
    <p class='ocr_par' dir='ltr' id='par_1_14' title="bbox 0 0 1760 5084">
     <span class='ocr_line' id='line_1_41' title="bbox 0 0 1760 5084; baseline 0 0"><span class='ocrx_word' id='word_1_264' title='bbox 0 0 1760 5084; x_wconf 95' lang='lat' dir='ltr'><strong> </strong></span> 
     </span>
    </p>
   </div>
  </div>
 </body>
</html>
