3509 5084
458 539 531 616 ‘166
604 544 655 617 M.
680 541 955 655 TeufiuTtl
980 537 1283 649 VARRONIS

458 698 512 773 Ex
533 700 696 800 progenie
720 720 831 774 autem
849 697 1153 784 animadvertitur,
1173 695 1197 768 fi
1216 716 1323 792 agnos
1344 702 1436 789 pro³
1507 733 1509 740 ·

457 831 575 884 creant
604 810 788 887 formosos.
808 815 845 885 lu
866 810 1083 886 ‘emtionibus
1106 808 1180 904 jure
1205 805 1333 881 utimur
1358 826 1438 892 eo,·

456 920 553 1016 q'uod
566 920 618 992 lex
635 920 844 1017 praescripsit.
863 921 951 993 inea
970 919 1061 992 enim
1074 919 1130 992 alii
1143 918 1238 1017 plura
1245 970 1261 1001 .,
1276 913 1332 987 alii
1347 939 1437 1009 pau·

455 1026 551 1101 ciota
572 1030 760 1126 excipiunt.
780 1029 931 1124 Quidam
956 1029 1047 1103 euim
1058 1029 1174 1127 pretio
1194 1026 1283 1099 sado
1300 1024 1337 1095 in
1361 1021 1437 1094 fin·

401 1171 404 1176 ·
459 1136 554 1234 gulas
575 1162 688 1229 oves,
711 1161 748 1212 ut
770 1141 847 1240 agni
870 1140 992 1214 chordi
1013 1140 1083 1212 duo
1108 1163 1172 1235 pro
1188 1163 1256 1210 una
1273 1123 1439 1208 ove-iun·-¹

460 1268 702 1335 numerentur,
722 1248 866 1323 &ficui
882 1249 1044 1322 vetustate
1060 1248 1176 1322 dentes
1191 1245 1311 1319 absunt
1325 1297 1337 1332 ,
1350 1240 1440 1339 item

360 1376 365 1383 ·
396 1449 400 1457 Ι
460 1353 636 1453 binaepto
656 1359 795 1456 singulis
809 1379 845 1433 ut
861 1362 1056 1458 procedant.
1077 1360 1118 1431 de
1135 1359 1270 1457 reliquo
1292 1353 1439 1450 antiqua

461 1462 532 1537 fere
547 1465 691 1541 formula
715 1489 867 1545 utuntur.
886 1497 965 1545 cum
982 1474 1094 1545 emtor
1108 1467 1196 1542 dixit
1209 1520 1221 1558 ,
1234 1461 1341 1538 Tanti
1355 1463 1438 1535 suut

460 1575 510 1649 mi
534 1579 658 1651 emtae?
682 1583 721 1654 &
740 1580 797 1654 ille
821 1580 1020 1677 respondit,
1042 1582 1153 1670 Sunt,
1174 1580 1213 1652 &
1233 1571 1439 1671 expromistt

363 1736 374 1753 Ι
462 1709 611 1757 numos:
634 1707 746 1760 emtor
760 1687 1069 1786 stipulaturprisca
1089 1684 1238 1760 formula
1260 1681 1440 1777 uc,ulas··

463 1815 504 1864 ce
536 1816 644 1883 oves,
666 1820 731 1900 qua
754 1799 796 1870 de
822 1823 858 1870 re
881 1797 1012 1896 agitur,
1037 1796 1131 1870 sanas
1156 1796 1244 1868 rede
1264 1791 1356 1894 effe,
1379 1787 1437 1862 -uti

409 1890 417 1907 ’
461 1925 566 1999 pecus
595 1905 768 2007 ovillum,
787 1909 883 2006 quod
912 1910 1000 1981 rede
1020 1907 1136 1982 sanum
1162 1905 1236 1994 est,
1256 1920 1350 1976 extra
1381 1898 1447 1972 lu·.

461 2009 574 2101 scam,
592 2015 751 2109 surdam,
776 2019 902 2091 minam
914 2074 924 2109 ,
938 2019 973 2091 id
994 2019 1064 2110 est,
1080 2035 1201 2095 ventre
1219 2015 1361 2115 glabro,
1375 2019 1440 2084 ne·'

462 2145 531 2219 que
552 2125 594 2196 de
614 2152 739 2222 pecore
755 2127 920 2228 morboso
941 2127 1021 2216 effe,
1037 2128 1227 2223 habereque
1247 2116 1337 2197 redte
1352 2118 1439 2193 lice·

461 2253 521 2318 te,
545 2232 620 2307 haec
641 2234 685 2311 stc
711 2237 800 2308 rede
820 2234 893 2308 fieri
914 2232 1130 2332 spondesne'i
1153 2236 1242 2307 Cum
1256 2232 1292 2303 id
1310 2231 1440 2310 factum

399 2424 401 2429 Ι
461 2338 535 2428 est,
554 2360 666 2418 tamen
683 2369 765 2445 grex
778 2346 956 2419 dominum
975 2368 1049 2444 non
1070 2341 1235 2432 mutavit,
1259 2341 1322 2415 nist
1341 2341 1368 2416 fi
1389 2340 1440 2416 est

462 2450 732 2529 adnumeratum.
751 2458 911 2531 Necnon
932 2474 1043 2528 emtor
1068 2471 1150 2549 pote
1170 2476 1212 2524 err
1239 2471 1439 2552 emto-venv

461 2559 537 2630 dito
562 2560 658 2636 illum
679 2553 861 2652 damnare,
882 2565 906 2635 st
925 2589 997 2636 uon
1018 2562 1151 2651 tradet,
1173 2551 1334 2657 quamvis
1361 2586 1438 2634 non

463 2667 609 2741 solverit
632 2697 777 2745 numos:
792 2693 829 2746 ut
852 2673 910 2744 ille
929 2692 1095 2745 emtorem
1115 2670 1214 2742 stmiii
1237 2669 1391 2764 judicio,
1411 2668 1439 2742 fi

461 2803 538 2851 non
556 2781 666 2855 reddit
682 2781 839 2880 pretium.-
854 2784 910 2854 De
924 2782 1037 2855 alteris
1056 2764 1204 2878 quatuor
1218 2782 1317 2853 rebus
1335 2779 1440 2853 dein-

463 2914 546 2987 ceps
565 2891 698 2980 dicnm,
713 2895 753 2966 de
771 2892 942 2990 pastione,
956 2891 1108 2981 foetura,
1127 2891 1323 2982 nutricatu,
1343 2889 1439 2965 sani-2

462 3019 543 3075 tate.
562 3003 712 3076 Primum
739 3005 1010 3102 providendum,
1026 3023 1064 3075 ut
1079 3020 1333 3095 totumlannum
1347 3003 1441 3093 rede

461 3114 643 3210 pascantur
658 3116 748 3188 intus
762 3120 799 3188 δι
816 3113 911 3189 foris*⁸
925 3115 1050 3187 stabula
1061 3115 1192 3188 idoneo
1205 3113 1289 3187 loco
1304 3134 1343 3187 ut
1357 3113 1442 3188 stnt:

462 3248 508 3311 ne
523 3223 685 3311 ventosa:
705 3249 782 3321 quae
795 3223 942 3320 spetiem
956 3223 1061 3321 magis
1074 3223 1116 3325 ud
1129 3223 1318 3315 orientem,
1333 3250 1441 3323 quam

463 3335 506 3426 qd
528 3332 749 3406 meridianum
774 3350 918 3430 tempus.
942 3332 1002 3404 ubi
1019 3332 1138 3423 dent,
1163 3332 1272 3405 solum
1296 3352 1442 3430 oportet
1474 3425 1479 3436 Ι

458 3441 530 3518 effe
544 3442 756 3523 eruderatum
770 3441 808 3517 ὃ(
827 3441 1042 3539 proclivum,
1057 3463 1095 3516 ut
1114 3443 1228 3518 everri
1241 3431 1341 3516 facile
1355 3441 1441 3539 pos-

464 3553 526 3641 fir,
546 3577 585 3626 ac
608 3551 839 3675 fieripurum.
859 3576 932 3624 non
956 3551 1047 3623 enim
1069 3550 1179 3651 solum
1201 3574 1240 3624 ea
1263 3549 1361 3648 uligo
1391 3550 1442 3624 la·

380 3701 382 3705 ·
463 3689 544 3735 nam
563 3663 753 3759 corrumpit
779 3662 901 3736 ovium
914 3717 926 3752 ,
939 3663 994 3735 sed
1008 3663 1108 3736 etiam
1122 3662 1283 3760 ungulas,
1304 3687 1346 3735 ac
1369 3659 1441 3742 sca·

462 3775 540 3849 bras
554 3773 629 3870 fieri
650 3774 754 3873 cogit.
772 3775 861 3846 Cum
885 3775 1016 3872 aliquot
1034 3775 1110 3848 dies
1128 3775 1310 3862 steterunt,
1328 3773 1441 3870 subii-¹

448 3959 449 3962 ,
463 3909 542 3960 cete
554 3903 694 3983 oportet
715 3884 862 3982 virgulta
875 3881 957 3972 alia,
971 3908 1042 3977 quo
1057 3881 1195 3954 mollius
1209 3880 1440 3978 requiescant,

450 3991 684 4098 purioresque
705 3993 781 4072 stut.
798 3993 958 4070 libentius
978 3993 1069 4069 enim
1089 3993 1136 4068 ita
1157 3992 1353 4093 pascuntur.
1372 3997 1440 4093 Fa,-
