3509 5084
407 559 474 656 178
548 562 598 633 M.
621 553 900 630 TERENTII
926 545 1219 622 VARRONIS

403 721 633 807 obscuratum,
653 714 749 813 quod
768 736 860 785 nunc
876 735 953 783 eum
972 725 1102 782 vocant
1121 723 1227 806 χοῖροι.
1250 709 1288 778 ln
1309 725 1375 779 eoi

394 860 476 909 rum
498 831 587 905 foetu
610 826 729 901 scrofae
750 821 806 896 bis
818 821 872 894 die
895 839 934 892 ut
955 818 1091 910 bibant,
1109 836 1245 907 curant,
1269 815 1372 890 laetis

402 942 509 1017 causa.
523 941 642 1012 Parere
655 952 708 1007 tot
720 947 858 1028 oportet
873 953 1019 1025 porcos,
1032 950 1120 1028 quot
1134 953 1298 1005 mammas
1310 929 1372 1001 ha·

401 1052 489 1129 beat.
516 1046 679 1120 siminus
707 1040 836 1140 pariat,
861 1037 1073 1113 stubiuariam
1102 1041 1260 1114 idoneam
1294 1060 1370 1111 non

402 1158 477 1234 esse.
500 1154 653 1250 fiplures
673 1148 880 1249 pariat„esse
904 1168 1113 1245 portentum.
1137 1152 1175 1222 In
1193 1172 1267 1244 quo
1282 1144 1368 1219 illud

402 1266 668 1366 antiquissimum
685 1260 785 1334 fuisse·
799 1259 975 1348 scribitur,
988 1259 1083 1356 quod
1097 1258 1149 1333 sus
1162 1260 1279 1333 AEn'eae
1300 1259 1367 1330 La·

402 1380 490 1457 vinii
500 1398 587 1450 xxx
602 1400 728 1473 porcos
742 1372 909 1471 pepererit
922 1371 1028 1445 albos.
1040 1375 1159 1470 ltaque
1171 1372 1269 1469 quod
1282 1394 1368 1467 por-

401 1492 566 1579 tenderit,
587 1489 708 1561 fastum
722 1505 808 1558 xxx
827 1484 942 1574 annis,
957 1503 995 1559 ut
1008 1482 1225 1558 Lauinienses
1240 1481 1367 1554 condi·

401 1606 512 1680 derint
536 1602 701 1698 oppidum
724 1599 856 1672 Albam.
880 1594 991 1690 Hujus
1010 1596 1096 1685 suis,
1114 1622 1153 1671 ae
1178 1618 1367 1692 porcorum

400 1718 501 1792 etiam
522 1736 613 1784 nunc
634 1709 770 1806 vestigia
792 1726 955 1806 apparent
978 1705 1132 1780 lavinii:
1152 1706 1247 1805 quod
1267 1707 1307 1781 δι
1327 1707 1366 1780 fi·

399 1826 548 1901 mulacra
566 1845 686 1894 eorum
708 1818 833 1891 ahenea
846 1816 948 1890 etiam
969 1815 1116 1890 nuncin
1136 1816 1280 1914 publico
1298 1840 1366 1914 po·

328 1924 341 1939 ”
380 1963 384 1969 ·
400 1933 459 2008 sita
471 1988 482 2022 ,
494 1934 533 2007 δι
546 1952 670 2024 corpus
687 1924 801 1999 matris
818 1924 860 1997 ab
874 1923 1123 2013 sacerdotibus,
1140 1925 1235 2020 quod
1248 1923 1286 1996 in
1302 1925 1368 1997 sal·

400 2044 474 2119 sura
493 2039 612 2125 suerit,
633 2033 891 2108 demonstratur.
912 2032 1090 2106 Nutricare
1111 2034 1261 2107 ostonos
1283 2049 1369 2130 pore

399 2176 461 2229 cos
482 2148 643 2244 parvulos
662 2144 775 2240 primo
795 2141 950 2239 possunt:
975 2141 1187 2215 incremento
1208 2139 1329 2232 festo,
1347 2167 1366 2218 a
1404 2228 1406 2237 Ι

399 2259 516 2358 peritis
541 2256 677 2328 dimidia
706 2277 782 2349 pars
806 2250 981 2326 removeri
1006 2254 1113 2340 solet,
1133 2254 1231 2351 quod
1258 2275 1367 2328 mater

399 2393 509 2466 neque
528 2364 637 2462 potest
661 2361 797 2449 sufferre
822 2362 897 2451 lae,
913 2386 1030 2461 vneque
1055 2364 1276 2461 congenerari
1299 2364 1366 2438 ale·

398 2479 523 2553 scendo
547 2475 718 2548 roborari.
743 2476 772 2545 Α
796 2493 894 2570 partu
915 2474 1031 2550 decem
1054 2474 1172 2548 dicbus
1196 2475 1366 2570 proximis

397 2570 480 2660 non*
492 2586 685 2681 producunt
706 2608 748 2654 ex
764 2583 853 2657 haris
874 2606 1039 2671 matrem,
1058 2602 1283 2682 praeterquam
1298 2609 1364 2680 po·

397 2715 482 2773 tum.
506 2691 686 2790 praeteritis
702 2693 817 2765 decem
842 2691 958 2764 diebus
979 2693 1093 2767 finunt
1113 2693 1208 2766 exire
1232 2695 1364 2790 pastum

396 2805 434 2880 in
448 2804 676 2904 propinquum
692 2802 809 2876 locum
821 2801 976 2890 villae,ut
991 2805 1113 2878 crebro
1127 2803 1237 2876 reditu
1248 2804 1367 2906 [laete]

397 2917 486 2992 alere
501 2914 602 3011 possit
617 2937 754 3009 porcos.
774 2915 863 2986 Cum
885 2929 1066 2988 creverunt
1075 2964 1088 3000 ‚
1103 2913 1247 3010 cupiunt
1269 2915 1364 3016 sequi

395 3044 537 3098 matrem
552 3023 675 3120 passum
690 3050 698 3096 :
719 3022 882 3120 domique
897 3021 1106 3096 secernunta
1124 3023 1312 3117 matribus,
1325 3050 1363 3101 ac

395 3131 543 3229 seorsum
559 3131 715 3227 pascunt,
729 3151 766 3204 ut
780 3131 978 3205 desiderium
992 3130 1080 3205 ferre
1094 3132 1221 3228 possint
1239 3160 1361 3231 paren·

394 3242 458 3332 tis,
476 3242 571 3338 quod
592 3241 708 3314 decern
727 3241 844 3314 diebus
864 3241 1091 3340 assequuntur.
1112 3244 1284 3319 subulcus
1305 3248 1360 3320 de·

395 3352 453 3427 bet
482 3348 736 3437 consuefacere,
764 3351 882 3424 omnia
908 3372 945 3423 ut
968 3351 1094 3426 saciant
1123 3354 1165 3426 ad
1194 3354 1361 3432 bucinam}

379 3460 512 3536 Primo
532 3484 608 3532 cum
633 3457 862 3547 incluserunt,
880 3483 958 3532 cum
977 3457 1174 3535 bucinarum
1196 3460 1267 3554 est,
1287 3487 1362 3561 ape·.

283 3619 286 3625 -
392 3572 485 3646 riunt
497 3624 508 3661 ,
522 3589 560 3643 ut
573 3567 666 3643 exire
683 3569 807 3665 poffint
823 3569 859 3642 in
880 3595 957 3644 eum
980 3571 1119 3661 locum,
1133 3571 1195 3644 ubi
1218 3576 1359 3648 ordeum

388 3682 503 3758 fusum
532 3678 569 3752 in
597 3678 823 3776 longitudine.
849 3678 905 3755 Sic
932 3680 1023 3754 eninr
1053 3680 1167 3753 minus
1196 3681 1359 3781 disperit,

341 3802 344 3809 '
391 3815 495 3893 quarn
517 3787 595 3860 srin
614 3812 759 3859 acervos
777 3786 944 3880 positum,
958 3791 997 3864 δι
1019 3788 1130 3885 plures
1153 3785 1293 3864 facilius
1306 3814 1360 3864 ac·
1395 3784 1397 3789 ¹

346 3910 349 3915 ’
391 3903 536 3986 cedunt,
556 3898 634 3972 ideo
655 3899 697 3972 ad
716 3918 775 3970 x11
794 3899 984 3973 convenire
1003 3900 1187 3989 dicuntur,
1202 3918 1244 3974 ut
1260 3901 1360 3975 fitve·

392 4003 451 4086 stri
471 4011 555 4115 loco
576 4005 731 4110 dispersi,
745 4033 788 4084 ne
806 4006 1006 4110 dispereant.
1024 4010 1223 4088 castrantur
1247 4033 1362 4093 verres
