3509 5084
443 604 515 674 204
587 584 636 655 u.
660 582 939 656 Trnrurrr
963 579 1265 653 varronis

377 772 381 779 ’
441 740 599 849 agricolae
616 741 780 838 praeliant.
795 767 858 814 nec
878 739 1019 831 mirum,
1032 741 1128 839 quod
1148 741 1280 821 divina,
1293 759 1422 816 natura

440 851 533 922 dedit
551 877 672 948 agros,
690 877 742 924 ars
757 852 902 924 humana
924 849 1106 925 aedificavit
1125 853 1228 925 urbes
1242 878 1252 924 ε
1265 877 1351 926 cum
1369 879 1423 925 ar·

436 980 488 1050 tes
507 985 626 1034 omnes
650 963 808 1037 dicantur
823 963 859 1034 in
875 960 1008 1034 Graecia
1023 961 1111 1032 intra
1129 961 1221 1034 mille
1238 985 1420 1034 annorum

438 1092 602 1165 repertae,
616 1073 687 1169 agri
702 1099 875 1172 nunquam
899 1097 970 1146 non
990 1072 1116 1145 suerint
1135 1072 1177 1146 in
1200 1072 1330 1157 terris,
1355 1072 1420 1172 qui

441 1182 512 1251 culi
534 1182 671 1277 poffim.
693 1184 815 1282 Neque
837 1180 947 1255 sdlum
967 1180 1140 1278 antiquior
1163 1181 1303 1255 cultura
1320 1181 1420 1279 agri,

441 1289 620 1365 sedetiam
644 1294 778 1366 melior.
806 1297 923 1391 Itaque
946 1317 1018 1365 non
1046 1290 1115 1363 fine
1145 1290 1243 1365 causa
1266 1289 1420 1384 majores

442 1400 548 1472 nostri
566 1426 609 1474 ex
629 1404 712 1475 urbe
728 1401 764 1475 in
779 1402 865 1501 agris
879 1401 1076 1499 redigebant
1091 1398 1170 1472 suos
1187 1399 1307 1489 cives,
1319 1399 1420 1498 quod

441 1513 480 1584 δι
490 1510 527 1585 in
540 1530 623 1610 pace
638 1540 657 1587 a
677 1512 809 1589 rusticis
824 1514 991 1586 Romanis
1004 1512 1204 1600 alebantur,
1218 1513 1257 1586 δι
1271 1510 1308 1581 in
1322 1510 1417 1584 bello

440 1622 482 1693 ab
501 1626 553 1695 his
577 1624 771 1697 tuebantur.
794 1625 869 1697 Nec
891 1622 960 1695 sine
987 1623 1084 1697 causa
1107 1625 1249 1696 Terram
1274 1625 1419 1696 eandem

442 1731 657 1826 appellabant
678 1755 844 1824 matrem,
865 1734 1101 1833 &Cererem
1115 1736 1154 1809 δι
1173 1733 1232 1831 qui
1258 1757 1338 1806 eam
1360 1755 1420 1806 co·

441 1843 573 1933 lerent‚
593 1844 683 1941 piam
705 1847 743 1920 &
767 1845 885 1935 utilem
906 1871 1005 1942 agere
1022 1841 1129 1918 vitam
1146 1845 1356 1934 credebant,
1370 1862 1418 1915 at·

442 1977 585 2042 queens
608 1954 701 2028 solos
719 1953 875 2053 reliquus
893 1954 958 2026 else
977 1980 1017 2026 ex
1034 1954 1135 2051 stirpe
1155 1955 1294 2027 Saturni
1323 1954 1419 2051 regis.

443 2063 511 2135 Cui
530 2063 793 2136 consentaneum
808 2062 854 2135 est
866 2117 877 2154 ,
891 2066 988 2160 quod
1003 2064 1102 2136 Initia
1121 2082 1296 2137 vocantur
1311 2063 1419 2160 potis·

440 2175 562 2246 simum
581 2199 641 2263 ea,
655 2199 733 2272 quae
754 2174 871 2246 Cereri
892 2172 979 2244 fiunt
1000 2173 1103 2250 sacra.
1123 2175 1199 2248 Nec
1218 2175 1340 2247 minus
1356 2199 1420 2270 op·
1456 2204 1461 2214 ’

329 2306 331 2313 ·
441 2285 515 2381 pidi
535 2277 677 2383 quoque
698 2309 826 2358 nomen
848 2285 977 2359 Thebae
1004 2285 1157 2359 indicant
1185 2284 1418 2382 antiquiorem

435 2394 506 2468 esse
526 2420 666 2492 agrum,
680 2395 776 2493 quod
798 2395 841 2468 ab
855 2395 925 2494 agri
945 2419 1089 2491 genere,
1107 2421 1177 2468 non
1198 2422 1217 2467 a
1235 2397 1419 2474 conditore

441 2532 571 2580 nomen
595 2506 626 2578 ei
649 2506 696 2581 est
721 2505 931 2602 impolitum.
944 2507 1034 2578 Nam
1056 2505 1173 2605 lingua
1187 2505 1302 2603 prisca
1326 2509 1365 2581 &
1387 2506 1445 2587 in,

442 2614 576 2688 Graecia
591 2615 718 2687 AEoleis
734 2615 865 2688 Boeotii
882 2615 952 2688 fine
969 2616 1082 2688 afflatu
1094 2635 1225 2691 vocant
1237 2618 1345 2692 collis
1357 2618 1420 2690 Te·

442 2725 523 2798 bas:
544 2728 582 2799 δι
601 2725 637 2798 in
657 2726 808 2814 Sabinis,
823 2750 895 2826 quo
906 2752 924 2799 e
937 2716 1072 2799 Graecia
1088 2747 1261 2815 venerunt
1275 2728 1419 2827 Pelasgi,

441 2837 544 2911 etiam
561 2863 653 2910 nunc
675 2838 868 2913 ita'dicunt.
887 2837 984 2933 cujus
1002 2837 1185 2935 vestigium
1205 2839 1244 2911 in
1258 2844 1349 2940 agro
1363 2846 1419 2914 Sa·

387 2947 390 2955 '
441 2943 528 3016 binb
543 2943 600 3016 via
617 2942 743 3016 Salaria
758 2967 830 3014 non
846 2943 950 3041 longe
966 2945 1104 3017 aReate
1116 2943 1299 3016 milliarius
1313 2944 1419 3020 clivus

430 3052 630 3149 appellatur
654 3052 800 3125 Thebae.
819 3053 907 3125 Cum
936 3052 1174 3150 agriculturam
1197 3051 1318 3150 primo
1339 3078 1418 3152 pro·

442 3175 519 3256 pter
547 3176 778 3254 paupertatem
805 3159 950 3231 maxime
981 3158 1195 3234 indiscretam
1224 3161 1417 3251 baberent,

441 3267 538 3364 quod
558 3294 577 3340 a
597 3266 786 3362 palloribus
807 3267 870 3366 qui
896 3286 992 3342 erant
1012 3270 1104 3361 orti,
1118 3271 1164 3342 'in
1184 3271 1313 3345 eodem
1338 3295 1416 3372 agro

445 3380 485 3454 &
497 3369 661 3468 serebant,
674 3381 713 3453 &
725 3372 925 3476 pascebant}
938 3379 997 3480 qui
1012 3381 1128 3478 postea
1144 3402 1349 3472 creverunt,
1364 3407 1418 3479 pe·

443 3487 536 3562 culia
551 3488 763 3577 diviserunt,
777 3515 817 3562 ac
837 3489 957 3561 fadlum
966 3543 978 3577 ,
994 3508 1031 3561 ut
1044 3491 1239 3564 dicerentur
1255 3490 1318 3563 alii
1335 3490 1420 3590 agri·

390 3640 393 3645 ·
443 3600 558 3690 colae,
578 3600 634 3673 alii
655 3600 815 3697 pallores.
831 3604 920 3694 Quae
941 3599 1012 3696 ipsa
1036 3602 1113 3696 pais
1132 3599 1262 3695 duplex
1287 3601 1359 3692 eli,
1373 3621 1419 3674 ta·

356 3733 359 3739 ·
443 3709 539 3784 metsr
559 3710 603 3783 ab
616 3709 714 3784 nullo
734 3709 810 3783 satis
828 3709 991 3800 discreta,
1005 3710 1102 3809 quod
1124 3710 1227 3782 altera
1248 3709 1299 3784 est
1321 3711 1422 3784 villa·

444 3823 513 3897 tica
534 3818 671 3917 pastio,
692 3817 795 3893 altera
817 3818 964 3916 agrestis.
986 3820 1070 3893 Haec
1094 3842 1177 3918 nota
1199 3821 1238 3892 δι
1262 3820 1421 3909 nobilis,

382 3966 401 3997 ι
446 3933 544 4030 quod
564 3934 603 4022 δι
627 3932 785 4029 pecuaria
803 3929 1010 4027 appellatur,
1028 3932 1067 4005 &
1092 3930 1235 4003 multum
1259 3931 1419 4006 homines

392 4023 398 4039 ⁴
441 4041 646 4142 locupletat,
660 4045 699 4120 δι
712 4040 761 4116 ob
770 4065 844 4117 eam
857 4063 930 4114 rem
942 4057 1001 4115 aut
1012 4040 1216 4133 conductos,
1231 4059 1296 4116 aur
1310 4060 1422 4117 emtus
