3509 5084
487 568 551 619 122
625 541 1312 653 Munnauruvnnnouis
1397 620 1401 645 Ι

441 794 442 800 ¹
479 704 591 797 Quod·
606 703 696 776 addlt
719 704 848 789 asinos,
864 703 922 800 qui
942 704 1066 777 stercus
1088 706 1241 789 vedent,
1260 703 1444 788 treis,ali·'

476 838 559 884 num
579 812 775 900 molarium,
791 812 826 882 in
848 815 947 885 vinea
964 811 1115 908 jugerum
1131 833 1154 885 c
1173 811 1287 907 jugum
1311 814 1446 899 boum,

438 930 441 935 '
476 920 643 995 asinorum
659 922 773 1019 jugum
786 977 797 1006 ,
810 923 935 996 asinum
955 923 1155 995 molarium:
1174 923 1209 994 in
1231 924 1297 995 hoc
1312 949 1444 1020 genere

474 1032 750 1121 semivocalium,
762 1031 984 1125 adjiciendum
998 1035 1039 1106 de
1054 1057 1197 1127 pecore,
1207 1057 1244 1104 ea
1258 1032 1347 1123 sola,
1360 1060 1444 1131 quae

471 1140 546 1236 agri
565 1143 701 1215 colendi
724 1143 820 1215 caula
847 1161 966 1229 erunt,
985 1161 1023 1215 ut
1045 1141 1153 1214 solent
1175 1141 1238 1214 else
1262 1143 1444 1235 pecuaria,

439 1245 443 1252 ’
473 1270 580 1340 pauca
603 1247 855 1345 habenda,un
875 1249 1006 1324 facilius
1029 1248 1216 1344 mancipia,
1230 1274 1304 1345 quae
1326 1250 1443 1326 solent

473 1352 506 1426 se
528 1355 634 1445 tueri,
648 1358 685 1430 δι
701 1356 825 1428 alsrdua
845 1357 909 1429 else
924 1355 1056 1455 polbnt.
1076 1360 1114 1428 ln
1135 1380 1178 1428 eo
1200 1381 1342 1429 numero
1364 1376 1444 1435 non
1519 1391 1520 1395 ¹

472 1466 581 1537 modo
598 1467 657 1562 qui
675 1486 767 1562 prata
786 1468 932 1555 habent,
945 1484 983 1539 ut
1005 1465 1119 1562 potius
1132 1491 1218 1541 oves
1239 1491 1338 1563 quam
1363 1466 1441 1542 sues

473 1569 640 1658 habeant,
655 1590 792 1660 curant,
807 1574 862 1644 sed
884 1573 983 1647 etiam
1004 1570 1062 1667 qui
1083 1595 1176 1666 prata
1197 1595 1267 1642 non
1291 1571 1444 1661 babent,

397 1744 401 1757 ,
473 1679 553 1779 quia
569 1706 640 1751 non
656 1680 761 1753 solum
783 1697 958 1775 pratorum
973 1679 1069 1754 causa
1084 1681 1204 1753 habere
1223 1680 1365 1772 debent,
1380 1680 1440 1755 sed

472 1786 572 1859 etiam
598 1810 737 1883 propter
758 1788 894 1862 stercus.

520 1901 602 1971 XX.
626 1900 730 1996 Igitur
744 1903 786 1972 de
803 1901 963 1974 omnibus
977 1901 1247 1997 quadrupedibus
1264 1900 1370 1998 prima
1384 1901 1438 1976 est

470 2008 652 2105 probatio,
677 1996 735 2106 ciui
760 2009 876 2082 idonei
895 2011 957 2083 sint
973 2013 1101 2100 boves,
1115 2012 1181 2111 ,qui
1201 2013 1316 2085 arandi
1341 2010 1439 2086 causa

363 2123 364 2127 ’
471 2138 648 2206 emuntur,
663 2145 749 2215 quos
766 2120 875 2209 rudis,
891 2146 1000 2216 neque
1014 2122 1156 2197 minoris
1171 2123 1309 2210 trimos,
1325 2131 1440 2218 neque

470 2226 610 2322 majoris
636 2230 829 2325 quadrimos
861 2232 1057 2326 parandum.
1088 2253 1125 2302 ut
1150 2232 1278 2304 viribus
1306 2231 1440 2328 magnis

471 2336 555 2427 fint,
565 2364 602 2411 ac
618 2364 731 2432 pares,
743 2365 785 2411 ne
797 2340 832 2411 in
848 2364 952 2435 opere
969 2339 1101 2415 firmior
1114 2344 1336 2416 imbelliorcm
1351 2367 1438 2415 con·

471 2445 561 2549 liciat
575 2474 584 2519 ε
599 2448 717 2545 amplis
739 2451 922 2538 cornibus,
936 2452 973 2523 δι
993 2452 1095 2548 nigris
1117 2453 1351 2548 potiusquam
1373 2453 1439 2527 ali·.

471 2576 542 2630 ter:
559 2578 595 2629 ut
610 2559 671 2629 sint
689 2559 752 2630 lata
767 2559 902 2646 fronte,
918 2562 1053 2633 naribus
1073 2563 1180 2650 simis,
1192 2563 1263 2632 lato
1279 2563 1440 2656 pedore,

472 2664 584 2740 trallis
602 2668 857 2742 coxendicibus.
884 2671 958 2740 Hos
979 2688 1158 2743 veteranos
1177 2695 1219 2751 ex
1240 2671 1440 2763 campestri.-

471 2772 534 2846 bus
554 2773 638 2846 locis
653 2798 723 2844 non
744 2778 925 2849 emendum
950 2778 984 2848 in
1005 2778 1085 2847 dura
1107 2802 1145 2847 ac
1170 2795 1330 2848 montana
1345 2800 1354 2843 ε
1369 2803 1441 2854 nec

471 2908 564 2974 non,
578 2884 624 2956 ita
643 2884 666 2955 sr
688 2885 806 2958 incidit
825 2909 863 2985 ur
877 2888 935 2975 sit,
949 2886 1137 2960 vitandum.
1161 2883 1329 2957 Novellos
1354 2911 1440 2962 cum

417 3039 422 3051 ι
472 2994 548 3091 quis
565 2993 922 3085 emerit.juvencos,sr
941 3022 1064 3069 eorum
1080 2994 1170 3069 colla
1188 2995 1223 3068 in
1243 2992 1353 3066 furcas
1372 2995 1438 3069 de·

471 3102 599 3176 liitutas
619 3105 806 3194 incluserit,
820 3132 859 3179 ac
884 3107 1012 3178 dederit
1032 3105 1170 3193 cibum,
1184 3104 1299 3177 diebus
1318 3105 1438 3200 paucis

472 3232 572 3285 erunt
593 3212 773 3301 mansueti,
792 3218 830 3288 δε
850 3217 891 3285 ad
912 3214 1120 3307 domandum
1142 3213 1254 3309 proni.
1278 3215 1367 3286 Tum
1388 3216 1436 3287 ita
1488 3300 1493 3311 1

469 3319 765 3417 subigendum,'ut
780 3323 970 3397 minutatim
985 3320 1218 3406 assuefaciant,
1230 3325 1267 3394 δι
1288 3339 1325 3391 ut
1345 3320 1436 3393 tiro·

473 3457 550 3504 nem
567 3459 643 3506 cum
658 3454 821 3508 veterano
839 3431 1031 3530 adjungant.
1054 3432 1220 3504 imitando
1239 3431 1331 3503 enim
1350 3428 1436 3527 saci·

472 3541 539 3617 lius
566 3545 798 3634 domatum&
823 3545 970 3641 primum
993 3545 1028 3617 in
1054 3566 1154 3639 aequo
1178 3540 1280 3630 loco,
1303 3542 1341 3613 δι
1363 3539 1437 3613 line
1512 3625 1515 3631 ¹

474 3675 606 3744 aratro,
620 3677 690 3727 tum
711 3678 753 3726 eo
775 3655 863 3743 levi,
883 3657 921 3729 δι
936 3654 1107 3751 principio
1119 3677 1178 3748 per
1199 3675 1355 3733 arenam,
1373 3667 1436 3722 aut

473 3761 668 3835 molliorem
692 3781 824 3833 terram.
850 3765 952 3854 Quos
979 3763 1025 3833 ad·
1045 3762 1218 3843 vesturas,
1240 3759 1319 3831 item
1340 3757 1438 3830 inlli-

474 3873 657 3962 tuendum,
675 3869 841 3943 ut'inania
863 3872 1007 3965 primum
1028 3871 1151 3945 ducant
1170 3866 1332 3964 plaustra,
1350 3865 1436 3940 &fi
1502 3884 1504 3888 '

476 3982 596 4078 pollis,
607 4007 667 4084 per
682 3980 798 4063 vicum
811 4000 868 4058 aut
882 3980 1063 4080 oppidum.
1074 3977 1382 4076 Creber-crepitus,
1395 4000 1439 4059 ao
