3509 5084
384 567 458 648 ιςο
531 549 581 621 u.
606 546 880 620 rnunutu
906 546 1198 618 vnuuours

386 708 421 781 se
440 706 630 805 ubicunque
646 709 710 782 sint
729 708 836 804 pofita
854 706 889 779 in
905 707 1002 779 arido
1014 706 1112 781 facile
1127 706 1259 791 durare.
1271 709 1350 782 Seri

388 842 468 891 vare
491 842 569 912 rapa
591 818 745 890 consedit
770 818 807 888 in
830 815 967 910 finape,
988 814 1091 889 nuces¹
1109 815 1284 912 juglandes
1311 818 1349 890 in

386 955 508 1016 arena,
521 929 647 1002 Punica
669 929 756 1001 mala
778 930 817 1004 δι
834 928 868 1000 in
895 952 995 999 arena
1012 926 1077 1021 jam
1102 930 1284 1024 decerpta,
1308 956 1351 1004 ac

385 1055 536 1123 matura,
549 1055 588 1108 ut
606 1035 695 1120 dixi,
709 1037 748 1109 δι
767 1034 867 1107 etiam
880 1034 1055 1107 immatura
1075 1061 1151 1108 cum
1165 1038 1297 1109 haereut
1310 1039 1352 1110 in

386 1145 445 1218 sua
466 1145 583 1244 virga,
600 1145 624 1217 sr
645 1143 813 1218 demiseris
832 1144 868 1215 in
892 1143 995 1215 ollam
1017 1145 1086 1216 fine
1107 1145 1235 1234 fundo,
1254 1167 1354 1220 eanu·¹

388 1279 455 1352 que
478 1252 703 1350 ficonjeceris
723 1252 759 1323 in
779 1271 901 1324 terram
913 1300 925 1337 ,
937 1255 975 1325 &
995 1251 1123 1326 obteris
1140 1254 1267 1328 circum
1292 1274 1354 1328 rad

286 1364 289 1371 ’
387 1387 506 1450 mum,
527 1362 552 1434 fi
575 1360 781 1434 extrinsecus
796 1359 944 1486 ..spiritus
955 1359 1061 1449 afflet,
1082 1385 1120 1432 ea
1144 1387 1216 1434 non
1238 1365 1352 1436 modo

388 1473 518 1572 integra
541 1475 661 1562 eximi,
684 1472 861 1546 sedetiam
879 1469 1143 1570 majora,quam
1165 1473 1202 1545 in
1225 1475 1352 1548 arbore

388 1608 537 1673 uuquam
566 1583 836 1679 pependerint..

437 1694 511 1765 LX.
532 1695 589 1768 De
610 1694 786 1767 olivitate.
777 1691 898 1767 oleas
911 1693 979 1767 esui
998 1692 1127 1791 optime
1146 1644 1353 1769 condiscri-

368 1794 440 1874 'bit
463 1804 573 1892 Cato,
595 1802 764 1888 orchites,
783 1805 821 1876 dt
844 1802 979 1899 pauseas
994 1802 1120 1890 aridas,
1141 1804 1200 1875 vel
1223 1804 1353 1877 virides

388 1911 427 1984 in
450 1914 579 2000 muria,
601 1913 655 1984 vel
681 1911 822 1985 lentisco
846 1911 1012 1986 contusas.
1035 1912 1250 1986 Orchites
1216 1938 1352 2012 nigras,

390 2021 455 2094 sale
480 2022 504 2092 sr
526 2021 590 2094 fint
616 2021 812 2094 confricatae
836 2023 907 2093 dies
931 2021 1102 2118 quinque,
1125 2024 1163 2095 δι
1188 2039 1260 2095 tum
1285 2023 1353 2096 sale

391 2129 551 2217 excutio,
573 2129 710 2202 biduum
732 2128 805 2200 stin
825 2128 895 2200 sole
917 2127 1034 2223 pofitae
1054 2126 1356 2216 fuerint,1nanere

374 2239 532 2313 idoneas
552 2239 658 2313 solere
673 2237 824 2312 :easdem
845 2237 914 2310 sure
933 2236 997 2310 sale
1017 2235 1054 2308 in
1078 2234 1246 2309 defrutum
1261 2261 1353 2315 conf

391 2349 475 2424 dire.

441 2462 531 2533 LXI.
558 2461 660 2533 Rode
676 2483 844 2532 amurcam
863 2456 963 2555 periti
978 2455 1135 2555 agricole
1151 2454 1266 2530 tamin
1284 2457 1354 2529 do-'

392 2573 447 2645 liis
462 2573 637 2665 condunt,
654 2596 752 2666 quam
766 2571 901 2661 oleum,
915 2589 971 2641 aut
989 2569 1120 2642 vinum.
1132 2567 1214 2671 Ejus
1230 2571 1353 2643 condi·

391 2679 465 2767 tio,
480 2705 557 2750 cum
576 2679 724 2774 expressa
738 2679 885 2768 effluxit,
898 2681 993 2775 quod
1013 2681 1119 2756 statim
1132 2681 1173 2751 de
1189 2705 1226 2752 ea
1242 2682 1354 2756 deco·

385 2804 542 2882 ⁴quuntur
566 2787 640 2858 duae
665 2805 797 2882 partes,
818 2790 855 2860 δι
876 2787 1104 2886 refrigeratum
1127 2787 1325 2860 conditur
1314 2814 1354 2862 ur

390 2893 481 2966 vasa.
497 2895 611 2966 Sunt
603 2914 683 2967 rtem
698 2895 772 2968 aliae
788 2896 1024 2991 conditiones,
1040 2916 1143 2990 utea,
1155 2897 1192 2969 in
1206 2923 1288 3001 qua
1289 2899 1354 3008 ad·

388 3001 505 3098 jicitur
519 3004 675 3078 mustum.

327 3163 328 3167 η
439 3116 541 3184 Lxu.
564 3115 672 3206 Quod
693 3137 808 3188 nemo
820 3115 944 3190 frudun
963 3062 1102 3207 condit,
1122 3115 1184 3188 nist
1207 3134 1245 3189 ut
1266 3143 1353 3214 pro·

315 3271 319 3284 ·
389 3240 481 3309 mat,
494 3224 535 3292 de
547 3246 590 3294 eo
604 3246 743 3320 quoque
757 3226 813 3299 vel
829 3227 924 3300 sexto
936 3228 1038 3326 gradu
1050 3227 1355 3302 animaduertenda

390 3357 509 3429 pauca.
526 3335 692 3406 Promunt
714 3336 852 3410 conditu
873 3359 932 3410 aut
952 3355 1152 3435 propterea,
1174 3339 1272 3432 quod
1288 3337 1354 3410 fint

389 3441 532 3529 tuenda,
555 3461 612 3514 aut
633 3445 727 3540 quod
748 3447 886 3534 utenda,
903 3464 961 3518 aut
979 3445 1075 3540 quod
1093 3446 1283 3519 vendenda.
1305 3450 1353 3519 Ea

390 3574 468 3644 quae
480 3550 644 3623 diffimilia
658 3553 734 3626 sunt
746 3553 833 3628 inter
844 3555 895 3645 se,
905 3555 996 3626 aliud
1007 3555 1075 3628 alio
1089 3573 1241 3650 tempore
1253 3573 1354 3628 tuen·

338 3743 342 3749 ,
390 3663 488 3744 dum,
508 3663 732 3735 &utendum

438 3771 556 3843 Lxur.
575 3771 708 3844 Tuendi
727 3774 822 3846 causa
837 3775 1062 3869 promendum
1077 3773 1111 3846 id
1124 3772 1356 3865 frumentum,⁸

389 3882 484 3976 quod
510 3880 727 3953 curculiones
754 3881 860 3955 ert-effe
887 3882 1068 3980 incipiunt.
1095 3882 1129 3953 id
1156 3880 1355 3954 enimcum

388 4005 564 4081 promtum
578 3987 647 4081 est,
660 3987 778 4071 insole
789 4012 919 4088 ponere
934 4009 1074 4087 oportet
1089 4013 1184 4090 aquae
1198 3987 1355 4080 catinos,
