3509 5084
457 475 545 656 'pt'
604 506 1311 615 uboncruscnro

402 716 404 724 ⁴
455 690 553 785 sanus
572 696 639 773 fiet.
658 701 701 770 Et
719 697 812 786 hoc,
832 697 1009 794 siquando
1028 696 1108 771 usus
1123 670 1283 789 veneritJ
1295 702 1359 798 qui
1371 703 1433 776 de:

452 808 533 884 bilis
553 805 636 894 erit,
660 807 734 878 haec
755 828 807 877 res
831 801 946 875 sanum
965 803 1085 898 {acere
1107 809 1227 902 potest.
1255 811 1433 892 brassicam

455 917 527 990 edit
542 915 609 1002 ita,
625 914 675 985 uti
689 915 722 986 S.
742 916 776 988 S.
798 915 836 985 E.
861 915 903 982 Et
918 914 986 986 hoc
999 913 1153 1009 amplius·
1176 920 1316 990 Lorium
1342 948 1434 996 con.

456 1026 594 1101 servato
609 1021 704 1118 ejus,
719 1023 778 1121 qui
796 1021 971 1105 brassicam
987 1023 1122 1097 esttarit.
1146 1027 1182 1098 id
1198 1027 1367 1102 calfacito.
1387 1057 1433 1106 eo

420 1192 425 1201 ,
456 1134 636 1208 nominem
661 1132 859 1218 deminuo,
884 1133 956 1205 eno
981 1132 1095 1206 sanum
1123 1135 1310 1211 facietne
1339 1118 1447 1214 curn-5
1485 1124 1491 1139 ·

400 1272 404 1279 ’
457 1251 637 1340 expertum
659 1244 729 1316 hoc
751 1241 809 1315 est.
828 1244 923 1313 'Item
951 1267 1076 1336 pueros
1101 1245 1265 1341 pusllos,
1290 1252 1311 1322 sr
1336 1255 1446 1328 lavet

460 1380 505 1430 eo
521 1354 635 1444 lotio,
656 1339 831 1451 uunquam
859 1350 988 1424 debiles
1012 1349 1103 1427 fient.
1127 1357 1170 1426 Et
1195 1359 1318 1454 quibus
1337 1361 1432 1434 oculi

459 1493 580 1568 parum
595 1463 677 1539 clari
692 1463 787 1551 sunt,
804 1469 847 1535 eo
861 1463 952 1536 lotio
965 1462 1124 1560 inungito
1138 1521 1150 1555 ,
1166 1468 1242 1561 plus
1258 1471 1436 1561 videbunt.
1470 1470 1472 1477 ’

460 1580 499 1651 Si
519 1595 620 1674 caput
639 1595 698 1650 aut
720 1576 871 1659 cervices
893 1575 1035 1662 dolent,
1055 1602 1100 1650 eo
1120 1579 1209 1653 lotio
1231 1582 1330 1654 caido
1344 1571 1435 1657 savi-

462 1674 527 1774 ro,
542 1687 691 1759 defluent
702 1682 839 1756 dolore.
852 1684 895 1754 Et
911 1684 934 1755 sr
951 1685 1075 1765 mulier
1092 1712 1137 1758 eo
1157 1688 1246 1760 lotio
1262 1693 1361 1764 locos
1378 1692 1436 1765 so.

367 1868 370 1878 ,
420 1856 422 1860 ,
462 1797 581 1886 vebit,
599 1818 772 1890 nunquam
792 1792 816 1863 ii
835 1792 939 1864 virosr
951 1793 1048 1888 sient.
1069 1795 1243 1892 &fovere
1262 1798 1307 1869 ste
1323 1823 1436 1895 opor·

462 1907 605 1986 tetzubi
624 1907 660 1979 in
679 1905 790 1978 scutra
804 1903 1042 1993 serveseceris,
1057 1907 1117 1978 sub
1136 1907 1247 1980 sellam
1272 1908 1440 2007 supponi··

464 2038 504 2094 to
519 2017 696 2116 pertusam.
720 2039 764 2087 eo
777 2013 899 2087 mulier
911 2014 1046 2102 affidat,
1059 2018 1215 2111 operito,
1230 2016 1358 2092 circum
1372 2044 1436 2093 ve·

463 2131 621 2205 ssimenta
643 2153 715 2202 eam
729 2128 822 2200 dato.
842 2125 986 2198 Braffica
1006 2125 1149 2200 erratica
1168 2128 1349 2200 maximam
1363 2129 1441 2202 vim

446 2239 580 2315 babet.
602 2264 675 2311 eam
696 2236 844 2309 arfacere
864 2239 901 2309 &
917 2253 1094 2308 conterere
1112 2229 1260 2332 oportet
1271 2240 1358 2311 bene
1371 2236 1438 2309 mi·

464 2372 596 2427 nutam.
614 2350 648 2423 Si
664 2349 801 2447 quidem
815 2372 960 2446 purgare
975 2348 1093 2437 voles,
1105 2349 1215 2445 pridie
1235 2375 1279 2423 ne
1300 2367 1439 2437 coenet,

468 2487 570 2537 mane
589 2460 707 2554 jejuno
729 2457 1003 2530 dato'brafficam
1021 2456 1155 2549 tritam,
1173 2484 1271 2557 aquae
1289 2460 1438 2558 cyathos
1505 2545 1507 2548 v

464 2591 527 2642 ev.
540 2568 644 2640 Nulla
655 2590 708 2638 res
725 2583 793 2638 tarn
813 2567 900 2653 bene
912 2565 1088 2664 purgabit,
1103 2591 1211 2663 neque
1225 2568 1440 2657 elleborum,

468 2702 584 2776 neque
607 2674 843 2775 scamoneum,
859 2678 897 2749 δι
913 2675 982 2746 srne
998 2675 1176 2770 periculo,
1192 2679 1229 2748 &
1242 2675 1327 2748 sciro
1349 2676 1443 2748 salu-

433 2857 435 2863 ,
467 2785 650 2866 brem'esse
671 2784 824 2883 corpori.
846 2787 950 2878 Quos
964 2784 1094 2859 diffidas
1115 2783 1213 2857 sanos
1235 2782 1367 2871 facere,
1387 2777 1445 2855 fa*

469 2883 551 2997 cies}
569 2895 643 2990 Qui
666 2895 729 2968 hac
752 2894 958 2993 purgatione
979 2893 1169 2994 purgandus
1189 2892 1279 2984 erit,
1300 2893 1442 2973 steeum
1508 2890 1510 2893 ’

468 3025 617 3082 curator
635 3003 825 3078 sorbitione
847 3002 975 3104 liquida
993 3007 1062 3084 hoc
1086 3031 1146 3105 per
1166 3006 1238 3080 dies
1257 2998 1335 3078 vn.¹
1348 3006 1443 3079 dato.
1480 3006 1481 3009 ’

471 3112 534 3186 ubi
549 3111 613 3202 effe
630 3112 749 3197 volet,
766 3137 902 3186 carnem
920 3113 1020 3186 assam
1043 3114 1135 3200 dato.
1159 3113 1263 3185 siesse
1284 3137 1355 3184 non
1374 3135 1443 3182 vo·

335 3217 337 3225 ’
400 3274 404 3283 -
438 3248 441 3256 ·
469 3221 548 3309 let,
569 3220 650 3292 dato
672 3221 846 3295 bnfficam
869 3222 1372 3319 costam&panem‚&bibat
1390 3222 1445 3298 vi·

447 3326 559 3403 ¹nuru
582 3329 659 3401 lene
689 3328 861 3418 dilutum,
886 3328 977 3403 lavet
994 3346 1101 3419 raro}
1130 3319 1244 3405 utatur
1272 3329 1447 3402 uneiionel

459 3440 551 3534 vQui
575 3439 621 3513 fic
641 3459 798 3540 purgatus
823 3439 911 3529 erit,
930 3438 1063 3513 diutina
1084 3439 1279 3511 valetudiue
1304 3457 1446 3527 utetur,

474 3572 589 3645 neque
603 3548 691 3619 ullus
705 3548 845 3620 morbus
860 3547 977 3621 veniet
990 3548 1051 3619 nisr
1068 3548 1124 3637 sua
1137 3546 1250 3645 culpa.
1266 3550 1306 3618 Er
1326 3546 1447 3642 srgquis

457 3657 578 3738 fulc'us
602 3672 724 3728 tetrum
751 3657 808 3741 vel
832 3681 951 3730 recens
973 3658 1136 3748 habebit,
1160 3659 1246 3730 hanc
1275 3656 1450 3741 brassicam·

477 3760 656 3840 erraticam
671 3789 757 3862 aqua
769 3763 934 3860 spargito,
945 3766 1137 3863 opponito‚
1153 3767 1264 3839 sanum
1280 3764 1449 3853 saciesAEt

450 3958 458 3971 =
479 3873 625 3950 srfistula
644 3875 728 3965 erit,
741 3871 921 3975 turundam
941 3872 1035 3952 intro
1058 3867 1198 3947 truditoss
1223 3875 1449 3948 siturundaut

478 4008 554 4061 non
570 3985 728 4095 recipiet,
746 3982 893 4075 diluite,
909 3982 1020 4059 indito
1040 3984 1077 4062 in
1097 3986 1268 4073 vesicam,
1292 4009 1335 4058 eo
1358 3985 1448 4067 calar
