3509 5084
461 542 509 630 4⁶
607 502 1047 656 uroucru's
1097 496 1301 611 curo

475 771 478 775 4
519 698 642 770 LX'XI.
667 697 733 769 Bos
749 695 773 766 si
792 713 955 794 aegrotare
976 696 1140 791 coeperit,
1158 699 1239 769 dato
1254 695 1420 772 continuo
1458 705 1466 715 '

462 807 493 895 ei
514 832 618 878 unum
639 830 748 879 ovum
771 807 990 902 gallinaceum
1010 806 1167 891 crudum,
1184 806 1352 901 integrum
1367 805 1422 877 sa·

463 918 536 990 cito
550 915 706 990 devoret.
719 914 885 990 Postridie
901 934 1004 1010 caput
1018 914 1119 1010 ulpici
1136 917 1329 1005 contento,
1344 941 1424 990 cum
1490 967 1493 970 «

462 1027 599 1099 hemina
620 1026 713 1115 vini,
729 1025 901 1122 facitoque
924 1025 1046 1097 ebibat.
1066 1025 1258 1116 sublimiter
1279 1044 1363 1097 terat
1384 1029 1424 1098 &

464 1136 548 1207 vaso
567 1135 683 1232 ligneo
705 1135 771 1207 det.
787 1133 919 1230 Bosque
936 1132 1048 1227 ipsus,
1063 1134 1100 1206 δι
1118 1134 1177 1229 qui
1197 1132 1287 1205 dabit
1323 1132 1425 1204 subli-

465 1244 564 1318 miter
579 1243 648 1315 stet.
661 1235 805 1335 'Jejunus
821 1241 938 1337 jejune
955 1240 1041 1313 bovi
1057 1241 1149 1314 dato.
1296 1182 1310 1297 i

514 1356 655 1427 LXXII.
676 1355 788 1427 Boves
807 1378 848 1425 ne
863 1354 963 1449 pedes
977 1351 1167 1439 subterant,
1180 1350 1370 1449 priusquam
1388 1349 1425 1422 in

465 1463 559 1537 viam
586 1486 757 1559 quoquam
783 1485 879 1558 ages,
903 1459 979 1558 pice
1000 1459 1130 1556 liquida
1155 1485 1285 1533 cornua
1309 1458 1426 1532 infima

467 1589 624 1665 unguuo.

513 1680 669 1762 LXXIll.
696 1677 765 1751 Ubi
784 1703 861 1750 uvae
882 1677 985 1752 variae
1009 1678 1177 1775 coeperint
1196 1676 1294 1768 sieri,
1317 1678 1427 1750 bubus
1483 1720 1494 1756 e

466 1788 748 1864 medicamentum
765 1788 845 1862 dato
861 1789 1066 1885 quotannis,
1079 1790 1131 1862 uti
1145 1790 1289 1864 valeant.
1302 1771 1428 1860 Pell'em

467 1898 648 1998 unguinam
665 1897 725 1969 ubi
742 1897 887 1988 videris,
902 1899 1018 1972 tollito
1037 1901 1076 1972 δι
1095 1900 1258 1988 condito,
1272 1924 1313 1972 ne
1336 1923 1427 1995 quae·
1490 1992 1494 1999 ι

465 2024 522 2081 'tas
537 2032 614 2080 cum
637 2032 724 2104 opus
739 2006 807 2081 siet.
820 2011 900 2080 Eam
917 2007 1038 2104 pellem
1048 2005 1111 2101 ’,ἃ
1125 2010 1197 2099 sar,
1210 2012 1247 2082 &
1263 2009 1380 2096 salem,
1391 2009 1429 2080 δι

468 2116 671 2214 serpullum,
694 2117 766 2189 haec
789 2116 905 2190 omnia
922 2141 999 2189 una
1027 2118 1220 2202 conterite,
1245 2107 1328 2190 cum*
1344 2116 1429 2189 vino

470 2228 553 2300 dato
575 2225 692 2331 *bubus
713 2226 836 2300 bibant
863 2227 1030 2318 omnibus.
1060 2229 1122 2300 Per
1148 2227 1292 2300 aestatem
1322 2226 1432 2298 boves

471 2363 594 2434 aquam
619 2337 744 2411 bonam
770 2339 808 2410 &
832 2333 993 2435 liquidam
1014 2337 1132 2411 bibant
1152 2337 1281 2434 semper
1302 2353 1432 2411 curato.

468 2464 510 2516 ut
533 2445 688 2529 valeant,
709 2442 823 2516 refert.

529 2550 688 2620 LXXIV.
708 2549 832 2620 Panem
859 2549 1056 2645 depslicium
1078 2551 1123 2624 sic
1147 2553 1263 2625 facito.
1286 2556 1433 2641 Manus,

472 2660 740 2754 mortariumque
759 2656 988 2732 bene-lavato.
1006 2659 1157 2732 Farinam
1177 2663 1212 2731 in
1234 2664 1434 2734 mortarium
1477 2682 1480 2691 '

472 2766 604 2856 indito,
618 2786 712 2863 aquae
732 2766 892 2862 paulatim
910 2767 1044 2856 addito,
1058 2768 1267 2866 subigitoque
1284 2772 1435 2864 pulchre.

474 2881 533 2954 ubi
543 2882 628 2951 bene
644 2879 830 2978 subegeris,
842 2877 1026 2976 defingito,
1039 2882 1250 2977 coquitoque
1268 2881 1325 2951 sub
1339 2882 1436 2954 testu.

461 3010 464 3014 ’
521 2993 657 3064 LXXV.
671 2990 790 3083 Libum
804 2990 873 3064 hoc
887 2990 995 3064 modo
1004 2990 1233 3087 facitoCasei
1247 3015 1278 3064 Ρ.
1292 3013 1332 3063 11.
1347 2993 1435 3066 bene

475 3102 609 3173 diflerat
628 3101 662 3172 in
689 3100 867 3174 mortario.
901 3100 962 3174 ubi
988 3104 1073 3175 bene
1095 3097 1294 3188 distrive'rit‚
1319 3101 1435 3174 farinae

474 3209 634 3306 siligineae
647 3209 785 3296 libram,
800 3227 856 3280 aut
870 3209 895 3279 si
908 3211 1004 3283 voles
1020 3210 1166 3283 tenerius
1178 3212 1261 3300 elle,
1281 3211 1435 3284 selibram

474 3319 668 3415 fimilaginis
680 3303 922 3417 solum'eodem
936 3318 1063 3409 indito,
1073 3319 1340 3418 permiscetoque
1357 3347 1435 3396 cum

475 3430 574 3502 caseo
589 3431 685 3502 bene.
700 3454 809 3503 ovum
821 3451 845 3500 1.
856 3431 1032 3519 addito,&
1046 3458 1111 3504 una
1126 3433 1325 3527 permisceto
1339 3437 1436 3507 bene.

475 3539 558 3613 lnde
574 3561 696 3632 panem
711 3537 827 3612 facito.
842 3539 939 3612 Folia
956 3539 1102 3617 subdito.
1118 3541 1153 3613 in
1166 3536 1250 3615 foco
1265 3542 1362 3615 caldo
1376 3541 1436 3614 sub

278 3714 297 3737 t,
443 3675 445 3678 ’
476 3646 565 3720 testu
586 3645 729 3740 coquito
750 3643 887 3722 leniter.¹

524 3754 884 3829 Lxxvl.P1acentam
900 3756 945 3841 sic
961 3758 1077 3832 facito.
1092 3761 1219 3833 Farinae
1232 3761 1389 3856 siligineae
1403 3781 1437 3835 L:

498 3885 523 3939 1.
538 3863 627 3937 unde
640 3861 748 3934 solum
765 3861 866 3936 facias
883 3864 919 3935 iu
936 3868 1059 3955 traua,
1073 3865 1188 3939 sarinae
1202 3889 1234 3939 ι.
1253 3873 1358 3940 1v.&
1376 3871 1436 3941 ali·

499 3999 527 4044 ae
544 3974 661 4070 primae
677 3996 708 4047 ι.
722 3992 766 4050 11.
784 3973 904 4048 alicam
920 3973 956 4046 in
974 4000 1094 4074 aquam
1109 3975 1290 4052 infundito.
1307 3978 1365 4051 ubi
1379 3980 1437 4051 be·
