3509 5084
388 558 462 613 unt
559 535 1168 611 JO.MATTH.GESNER1

388 715 517 781 vocat,
542 694 616 767 veri
635 697 672 769 δι
693 698 798 790 Prisci
819 695 962 768 Catonis
990 694 1240 792 (Horatianum
1258 692 1343 768 illud

387 805 563 900 epitheton
584 803 734 874 tribuunt
754 804 803 875 illi
815 805 915 877 etiarn
934 805 1022 877 inter
1035 805 1174 875 nomina
1191 804 1267 876 libri
1284 831 1344 877 an·

386 912 501 1009 tiqui)
525 931 594 982 tum
619 910 841 986 formularum
862 916 900 986 &
922 911 1186 1009 descriptionum
1206 913 1247 985 ab
1269 913 1344 1008 ipso

386 1022 503 1115 utique
526 1019 669 1115 primum
691 1019 929 1116 proseslarutn‚
947 1019 1023 1109 sed,
1044 1031 1204 1116 quantum
1229 1021 1270 1091 ad
1288 1046 1345 1091 ar·

388 1129 630 1205 chiteslonicas
653 1155 688 1202 v.
709 1155 739 1227 g.
754 1156 773 1203 a
786 1155 860 1223 cap.
883 1130 923 1199 18
940 1130 980 1199 ad
998 1153 1066 1218 22,
1089 1129 1135 1201 ita
1156 1128 1248 1203 varie
1266 1153 1346 1202 cor·
1455 1192 1458 1199 ,

327 1266 330 1273 ’
390 1258 583 1335 ruptarum,
597 1258 634 1314 ut
649 1239 810 1333 nusquam
829 1235 1017 1308 ferentinus
1028 1235 1256 1333 intelligatur,
1271 1237 1347 1331 plus

391 1348 601 1422 tenebrarum
621 1344 801 1418 &sudoris
821 1346 906 1416 adeo
926 1342 1081 1416 offundat
1098 1344 1347 1440 interpretibus.

391 1456 455 1528 Sed
474 1456 713 1552 qualiscunque
727 1453 788 1541 esi,
802 1454 869 1526 hoc
881 1453 1017 1550 quidem
1031 1453 1096 1547 jam
1111 1455 1244 1526 Catone
1258 1478 1347 1529 con·

391 1563 477 1634 tenti
503 1562 599 1637 simus
621 1561 747 1637 necesse
771 1560 827 1634 est.
846 1562 1079 1634 Incredibilem
1107 1563 1264 1635 codicum
1288 1589 1348 1635 va·

392 1670 542 1740 rietatem
563 1667 683 1756 etiam,
699 1689 817 1765 praeter
836 1688 946 1743 cetera
960 1671 1177 1765 scriptoribus
1191 1672 1351 1745 omnibus

390 1776 610 1864 communia,
631 1777 821 1849 orramcsse
842 1779 1005 1866 arbitror,
1019 1779 1129 1873 primo
1143 1806 1185 1853 ex
1204 1780 1271 1876 ipsa
1293 1779 1351 1852 illa

393 1884 614 1962 formularum
634 1885 949 1980 &descriptionum
971 1888 1197 1977 obscuritate,
1220 1888 1256 1959 in
1283 1911 1351 1982 qua

395 1996 494 2073 facile
519 1998 619 2069 nimis
641 1996 705 2087 fuit
725 2022 835 2070 errare
857 1998 1020 2093 imperitis
1042 1999 1259 2083 hominibus,
1280 2016 1352 2067 tum

395 2111 474 2187 inde
493 2111 616 2197 etiarn,
636 2110 730 2204 quod
750 2111 956 2182 correslores
972 2135 1061 2181 nunc
1075 2135 1117 2179 ex
1132 2112 1287 2180 Varrone
1301 2122 1352 2181 at·

396 2246 462 2318 que
476 2221 587 2296 Plinio
600 2221 786 2323 Catonern,
800 2244 891 2294 nunc
904 2237 1023 2293 contra
1037 2220 1212 2291 emendare
1224 2213 1352 2314 aggres-

398 2329 530 2409 fisunt.
891 2401 893 2407 .

447 2444 485 2513 ll.
498 2442 585 2530 Quae
606 2437 798 2511 communia
812 2463 890 2512 cunt
903 2437 1040 2534 reliquis
1058 2436 1184 2510 russicis
1205 2436 1270 2508 sata
1292 2432 1353 2504 ha·

399 2548 534 2632 buerit,
555 2546 674 2618 deinde
691 2547 832 2620 dicetur.
844 2546 915 2621 Jam
935 2548 1018 2621 illud
1031 2545 1193 2619 monendi
1217 2544 1352 2630 sumus,

399 2656 475 2754 post
495 2659 554 2729 Pe.
570 2660 804 2738 Vrcsoruuut
818 2655 992 2752 diligenter
1012 2655 1164 2751 inprimis
1177 2654 1356 2725 tradaturn

400 2764 466 2836 esse
477 2767 641 2837 Catonem
653 2765 693 2835 ab
705 2771 799 2837 Anu.
812 2765 1000 2837 Turn-:no
1010 2764 1044 2835 in
1060 2763 1263 2851 adversariis,
1276 2761 1353 2856 qui·
1422 2804 1434 2828 0

401 2875 464 2949 bus
478 2877 606 2947 sirenue
620 2875 699 2948 usus
711 2876 757 2947 est
778 2881 923 2952 Ausou.
942 2880 1080 2953 POPMA
1094 2904 1102 2948 ε
1117 2902 1159 2949 an
1183 2876 1257 2948 satis
1272 2875 1354 2946 libe·

316 3048 325 3060 s,
401 2985 528 3073 taliter,
542 2985 598 3057 alii
612 2986 809 3059 existiment.
824 2989 926 3058 Certe
942 2987 976 3058 in
993 2987 1064 3067 suas
1074 2987 1201 3059 areolas
1215 2985 1354 3057 translu-

400 3093 441 3164 lit
455 3093 605 3186 pluribus
617 3092 652 3162 in
669 3093 753 3168 locis
764 3092 918 3166 Turnebi
931 3090 1173 3189 explicationes
1187 3096 1224 3166 δι
1243 3115 1355 3162 emen-

401 3201 577 3291 dationes,
598 3200 656 3271 ubi
677 3200 820 3272 verbum
841 3199 882 3272 de
897 3200 1063 3273 Turnebo
1077 3198 1145 3294 ipse
1160 3197 1288 3270 nullutn
1305 3195 1356 3267 fe·

399 3307 458 3383 cit.
478 3309 639 3403 Exempla
661 3309 778 3398 sunto,
795 3309 829 3379 in
854 3335 928 3405 quae
953 3310 1096 3404 primunt
1113 3326 1224 3403 nunc·
1237 3304 1358 3379 incidi·

401 3443 502 3505 mm,
521 3423 809 3514 placente,spirae,
817 3422 986 3512 scriblita,
999 3423 1120 3512 cncyri,
1133 3422 1214 3489 emei
1223 3468 1234 3500 ,
1246 3419 1358 3510 spuri-
1471 3478 1475 3490 .

402 3555 458 3618 ιω,
462 3531 580 3624 ferilli
602 3529 840 3624 descriptiones
862 3518 949 3624 apud
969 3529 1135 3600 Catonem
1159 3553 1188 3599 c.
1204 3525 1355 3618 76-84,
1434 3597 1437 3603 ,

402 3665 485 3738 quas
498 3641 615 3724 eodem
632 3640 730 3735 plane
744 3640 849 3715 modo
863 3641 1093 3735 explicaverat
1107 3638 1282 3709 Turnebus
1299 3659 1358 3725 23,

407 3771 462 3821 10.
472 3747 663 3825 Laterculos
677 3749 749 3823 Cat.
769 3771 834 3845 109
848 3748 893 3820 stc
905 3746 1140 3842 interpretatus
1151 3743 1257 3814 suerat
1270 3745 1359 3814 Tur·

405 3860 513 3931 nebus
535 3882 600 3957 30,
618 3864 650 3933 6.
672 3860 771 3930 Plura
791 3859 889 3953 hujus
910 3857 1040 3956 generis
1059 3856 1096 3931 in
1119 3859 1274 3926 Varrone
1298 3853 1359 3925 da·

403 3966 525 4047 bintus.
543 3968 657 4046 Edidit
677 3968 778 4073 igitur
791 3969 919 4065 Popma
933 3968 1101 4041 Catonem
1114 3987 1192 4038 cum
1207 3959 1361 4058 reliquo·
