3509 5084
461 610 531 699 24⁶
605 608 654 680 tu.
678 604 956 677 Teneurrt
982 602 1278 676 vtnnouts

457 762 613 835 sextertia
640 762 806 859 capiebat.
828 786 902 833 eam
923 784 1059 832 omnem
1084 759 1275 831 mercedem
1308 755 1426 849 escis,
1481 750 1484 763 ’

456 893 542 967 quas
559 872 658 944 dabat
670 871 833 965 piscibus,
849 868 1075 943 consumebat.
1095 870 1175 939 Non
1192 864 1337 937 mitum.
1352 868 1427 939 uno

454 996 610 1077 tempore
628 983 719 1055 enim
734 982 871 1054 memini
887 982 978 1052 hunc
997 977 1118 1051 Caesari
1133 978 1204 1048 duo
1218 975 1331 1048 millia
1347 1002 1425 1049 mu·

454 1114 618 1163 renatum
644 1114 758 1165 mutua
779 1091 901 1163 dedisse
918 1091 953 1161 in
976 1090 1129 1186 pondus,
1146 1090 1183 1161 δι
1203 1106 1354 1183 propter
1371 1087 1425 1184 pi·

453 1196 558 1273 scium
572 1200 821 1273 multitudinem
841 1199 1035 1297 quadragies
1048 1196 1205 1269 sextertio
1224 1196 1346 1267 villam
1361 1222 1424 1270 ve-

453 1311 548 1384 nisse.
568 1314 686 1405 Quare
708 1310 818 1384 nosira
831 1310 958 1406 piscina
978 1334 1017 1382 ac
1032 1306 1278 1381 mediterranea
1289 1306 1424 1403 plebeia

453 1421 542 1493 rede
564 1420 686 1493 dicitur
705 1420 833 1509 dulcis,
847 1422 885 1494 &
904 1419 958 1491 illa
979 1444 1098 1493 cnara.
1120 1417 1210 1510 Quis
1231 1418 1328 1490 enim
1357 1444 1425 1493 no-

453 1529 553 1603 strum
569 1556 641 1603 non
658 1558 726 1605 una
746 1550 926 1605 contentus
940 1530 984 1601 ess
999 1529 1061 1600 hac
1073 1527 1198 1624 piscina
1210 1526 1225 1600 i
1238 1528 1319 1626 quis
1336 1556 1436 1627 con·¹

452 1652 503 1705 tra
523 1638 706 1711 maritimas
730 1664 800 1711 non
821 1664 862 1708 ex
888 1636 1022 1732 piscinis
1040 1634 1172 1731 singulis
1193 1635 1310 1728 plures
1336 1662 1445 1712 con·.

449 1738 577 1836 jtrnstas
599 1745 726 1818 habet?
748 1746 865 1818 Pluris.
881 1769 957 1815 nam
971 1768 1008 1814 ut
1023 1743 1171 1831 Pausias,
1189 1743 1227 1814 δι
1245 1746 1355 1815 ceteri
1373 1745 1423 1839 pi·

450 1850 561 1925 &ores
588 1850 733 1943 ejusdem
759 1852 911 1950 generis,
938 1851 1100 1925 loculatas
1128 1876 1267 1947 magnas
1295 1852 1421 1927 habent
1508 1856 1517 1911 Γ

450 1962 601 2050 arculas,
619 1963 676 2034 ubi
697 1962 882 2036 discolores
905 1960 966 2033 srnt
995 1986 1104 2047 cetae,
1128 1961 1171 2032 stc
1196 1960 1232 2032 hi
1253 1962 1422 2037 locularas
1490 1968 1514 2055 ,-,'

345 2152 349 2159 ,
450 2074 576 2148 habent
600 2074 835 2171 piscinas‚ubi
855 2074 1000 2169 dispares
1015 2073 1175 2146 discrutos
1199 2075 1354 2150 han—ant
1370 2078 1421 2175 pi·
1507 2058 1512 2131 Ᾰ

449 2184 541 2272 sees,
555 2212 642 2283 quos
657 2185 800 2282 proinde
813 2206 850 2257 ut
867 2186 947 2257 sacri
966 2185 1028 2257 srnt
1042 2212 1081 2259 ac
1098 2185 1281 2260 sandiores
1294 2242 1305 2275 ‚
1320 2214 1420 2285 quam

448 2293 499 2370 illi
517 2297 552 2367 in
568 2298 676 2393 Lydia
690 2352 701 2385 ‚
713 2322 801 2397 quos
819 2294 1016 2370 sacrificanti
1032 2296 1111 2383 ribi,
1125 2299 1239 2369 Varro
1253 2353 1265 2388 ‚
1280 2302 1324 2372 ad
1342 2303 1419 2374 tibi·

449 2403 561 2477 cinem
582 2408 740 2478 Graecum
758 2405 917 2502 gregatim
939 2404 1064 2477 venisse
1089 2406 1222 2479 dicebas
1241 2410 1284 2480 ad
1306 2426 1419 2483 extre·
1498 2404 1500 2409 ’

448 2538 541 2585 mum
562 2515 664 2603 litus,
684 2532 784 2611 atque
809 2540 916 2600 atam,
932 2515 1025 2613 quod
1044 2539 1104 2585 eos
1132 2540 1255 2610 capere
1278 2522 1418 2595 auderet

448 2647 571 2708 nemn,
586 2650 664 2696 cum
684 2626 806 2696 eodem
826 2644 980 2718 ternpore
993 2623 1115 2695 insulas
1133 2624 1356 2701 Ludinorum
1374 2628 1419 2702 ibi

448 2729 625 2804 choreusas
643 2731 794 2815 vidissem
809 2731 853 2802 sic
871 2731 934 2801 hos
949 2730 1054 2825 pisces
1070 2756 1172 2803 nemo
1194 2757 1306 2807 cocus
1320 2736 1355 2809 in
1369 2735 1420 2830 jus

448 2865 576 2915 vocare
595 2842 707 2915 audet.
729 2845 774 2935 Q.
796 2840 998 2913 Hortensius
1014 2840 1185 2913 familiaris
1198 2844 1320 2917 noster
1335 2873 1415 2920 cum

446 2950 592 3048 piscinas
611 2952 745 3024 haberet
766 2976 886 3049 magna
906 2952 1049 3046 pecunia
1071 2949 1251 3024 aedisicatas
1269 2954 1315 3027 ad
1332 2959 1417 3029 Bau·

447 3061 523 3150 los,
538 3061 584 3134 ira
597 3062 683 3158 saepe
700 3088 777 3137 cum
795 3088 838 3136 eo
852 3062 894 3132 ad
916 3059 1031 3131 villam
1048 3060 1095 3132 sui
1108 3115 1119 3148 ‚
1134 3080 1171 3132 ut
1193 3061 1296 3161 issum
1320 3066 1420 3141 sciam

448 3170 577 3267 semper
598 3171 634 3242 in
656 3196 791 3245 coenam
812 3171 928 3268 pisces,
942 3172 1105 3245 Puteolos
1128 3171 1264 3245 mittere
1287 3200 1421 3253 emtum
1491 3144 1500 3181 Β

447 3278 593 3351 solitum.
614 3280 736 3376 Neque
758 3279 833 3352 satis
857 3300 928 3351 erat
948 3305 1025 3351 eum
1049 3305 1120 3350 non
1140 3279 1231 3375 pasci
1250 3283 1419 3377 piscinis,
1500 3276 1505 3285 ¹

448 3389 511 3461 nifi
530 3413 591 3462 eos
605 3388 674 3484 ipse
693 3388 841 3484 pasceret
855 3389 965 3476 ultto;
980 3414 1019 3462 ac
1040 3388 1203 3484 majorem
1219 3417 1343 3468 curam
1361 3397 1422 3471 fibi

447 3499 605 3585 haberet,
621 3524 664 3570 ne
685 3497 756 3591 ejus
775 3497 937 3571 esurirent
955 3499 1070 3584 mulli,
1086 3524 1184 3595 quam
1199 3524 1267 3597 ego
1282 3503 1418 3596 habeo,

407 3612 417 3620 '
448 3632 493 3680 ne
516 3608 581 3679 mei
602 3607 637 3678 in
655 3609 764 3680 Rosea
784 3607 929 3679 esuriant
944 3607 1035 3680 asini.
1055 3606 1245 3703 &quidem
1270 3635 1420 3714 utraque

446 3744 509 3802 re,
532 3720 570 3789 δι
592 3716 671 3790 cibo
686 3770 697 3806 ,
713 3718 751 3790 dc
769 3717 932 3811 potione,
946 3742 1022 3790 cum
1042 3742 1112 3788 non
1131 3719 1237 3813 paulo
1254 3722 1421 3801 sumtuo-

446 3829 513 3902 fius
527 3884 539 3917 ‚
553 3854 654 3926 quam
675 3854 757 3928 ego,
773 3829 823 3900 his
840 3828 1039 3911 ministraret
1062 3827 1201 3903 vidum.
1223 3834 1305 3931 Ego
1325 3841 1420 3911 enim

448 3962 522 4011 uno
543 3938 707 4027 servulo,
724 3938 832 4010 ordeo
851 3962 922 4008 non
943 3938 1071 4019 multo,
1088 3962 1174 4033 aqua
1197 3940 1420 4038 domestica,

447 4072 543 4123 meos
563 4047 786 4125 multinumos
799 4046 854 4125 alo
870 4047 1000 4124 asinos:
1020 4048 1220 4133 Hortensius
1240 4054 1421 4151 primum,
