3509 5084
349 426 367 585 ‘¹
472 504 475 509 ·
553 457 1221 583 onusnusrrcrmu.'1u.·
1301 492 1374 579 215·

396 638 440 712 de
461 635 523 710 illo
545 662 668 736 genere
692 635 767 709 sunr
783 634 873 710 turdi
893 634 1115 733 adventicio,
1136 661 1174 710 ac
1187 635 1374 733 quotannis

395 743 433 819 in
450 746 687 831 ltaliamtrans
700 770 791 817 marc
807 745 974 820 advolant
985 744 1117 820 circiter
1128 743 1373 841 aequinodium

394 857 632 949 audlumnale,
659 862 697 931 δι
723 858 844 932 eodem
872 858 1033 932 revolant
1056 859 1103 935 ,ad
1127 858 1371 955 aequinollium

367 1031 371 1038 .
394 968 555 1042 vernum.
578 971 621 1040 Er
643 965 712 1039 alio
738 985 895 1062 tempore
921 984 1089 1056 turtures,
1110 990 1151 1039 ac
1176 963 1374 1038 coturnices

354 1150 356 1157 .
395 1075 537 1186 immani
550 1100 706 1151 numero.
725 1076 794 1149 hoc
808 1075 854 1147 ita
872 1073 942 1147 fieri
955 1092 1093 1172 apparet
1106 1075 1140 1148 in
1155 1073 1272 1149 insulis
1287 1096 1374 1170 pro-L

396 1186 534 1284 pinquis
551 1183 703 1274 Pontiis,
717 1183 905 1274 Palmaria,
921 1185 1140 1258 Pandatariae.
1160 1183 1209 1256 lbi
1224 1183 1314 1255 euim
1332 1183 1372 1257 in

396 1294 505 1391 prima
530 1295 688 1368 volatura
709 1319 786 1367 cum
803 1292 973 1382 veniuirt,
993 1314 1172 1366 morantur
1195 1292 1265 1365 dies
1284 1316 1370 1387 pau·
1440 1323 1442 1329 ⁴

397 1392 714 1506 cosrequiesceirdi
735 1404 841 1479 causa.
866 1406 1026 1502 Idemque
1052 1405 1181 1480 laciunt
1197 1460 1207 1489 ,
1223 1431 1298 1477 cum
1317 1429 1370 1477 erc
1463 1430 1467 1437 ·

395 1516 489 1589 ltalia
506 1536 701 1590 transmare
722 1515 911 1615 remeant]
929 1521 1066 1591 Arnus
1080 1522 1196 1605 Axio,
1217 1515 1251 1587 Si
1266 1515 1369 1611 quin·

395 1652 464 1724 que
484 1627 589 1700 millia
610 1629 676 1701 huc
701 1625 910 1722 conjeceris,
925 1628 1058 1724 inquit,
1079 1631 1116 1700 δι
1138 1625 1203 1699 erit
1228 1625 1368 1719 epulum
1448 1660 1470 1671 ¹·

395 1762 435 1809 ac
452 1735 850 1834 triumphus,sexaginta
874 1735 978 1808 millia
995 1744 1076 1831 -quae
1099 1733 1175 1820 vis,
1197 1733 1303 1806 statim
1330 1732 1367 1804 in
1481 1748 1491 1805 ’,

395 1843 514 1919 foenus
528 1847 586 1918 des
605 1846 732 1919 licebit.
755 1847 847 1917 Tum
863 1850 964 1933 midi,
986 1844 1044 1915 Tu
1059 1843 1113 1917 dic
1128 1844 1211 1916 illud
1224 1844 1369 1915 alterum

391 1964 499 2047 genus
514 1952 739 2042 ornithonis,
751 1952 812 2047 qui
830 1952 933 2022 animi
953 1949 1051 2026 causa
1071 1951 1277 2022 constitutus
1293 1977 1311 2023 a
1329 1966 1367 2024 te

394 2060 455 2164 {ub
472 2058 598 2132 Calino
618 2059 744 2150 fertur,
759 2061 794 2132 in
813 2084 884 2158 quo
905 2060 1026 2133 diceris
1041 2059 1143 2158 longe
1164 2058 1278 2131 viciffe
1293 2084 1368 2129 non

356 2188 358 2191 ·
393 2168 503 2253 modo
516 2171 731 2269 archetypon
753 2169 947 2243 inventoris
963 2169 1065 2242 nollri
1084 2169 1367 2266 dprruorpmdurll.
1412 2203 1414 2208 ’
1496 2202 1498 2205 ·

394 2276 501 2349 Laenii
518 2277 719 2370 Strabonis,
743 2279 802 2377 qui
827 2273 992 2353 Brundisii
1010 2278 1139 2376 'hospes
1162 2280 1276 2351 noller
1296 2279 1367 2375 pri·
1425 2304 1428 2311 ·

355 2430 357 2434 .
393 2411 470 2459 mus
486 2387 521 2460 in
536 2388 832 2488 peristylo'habu'it
847 2392 972 2465 exedra
985 2390 1159 2465 conclusas
1173 2414 1269 2480 aves,
1283 2414 1366 2486 quas

393 2494 543 2590 pasceret
563 2496 700 2591 obiello
722 2519 816 2589 rete,
830 2499 884 2572 sed
902 2501 1001 2572 eriam
1025 2501 1060 2572 in
1079 2498 1275 2573 Tusculano
1295 2524 1367 2571 ma·

393 2624 465 2699 gno
493 2603 641 2679 aedificio
661 2595 808 2683 Luculli.
834 2607 901 2680 Cui
928 2635 1002 2704 ego,
1027 2607 1116 2680 Cum
1144 2606 1282 2679 habeam
1306 2605 1367 2685 sub

393 2711 526 2807 oppido
541 2714 667 2788 Casino
688 2715 832 2805 flumen,
844 2718 941 2814 quod
958 2741 1017 2813 per
1032 2715 1149 2790 villam
1170 2713 1251 2791 unat
1266 2712 1367 2812 liqui·

393 2821 475 2895 dum
498 2825 537 2898 &
558 2824 684 2916 altum,
708 2827 917 2923 marginibus
946 2825 1110 2921 lapideis,
1133 2824 1239 2895 latum
1265 2823 1366 2918 pedes
1427 2868 1431 2873 -

362 2981 367 2993 .
389 2935 548 3018 ·LV11,&
564 2957 583 3004 e
599 2935 683 3028 ullla
698 2934 734 3005 in
750 2935 867 3005 villam
888 2933 1053 3028 pontibus
1066 2930 1271 3015 transeatur,
1286 2929 1367 3001 lon·

394 3064 475 3135 gum
490 3061 522 3112 P.
537 3060 714 3130 fleeces,
727 3040 889 3113 direllum
910 3041 953 3111 ab
974 3038 1080 3112 insula
1092 3036 1156 3136 [ad
1172 3036 1368 3137 Museum,}

394 3148 531 3241 quaeest
545 3149 588 3222 ab
608 3150 680 3227 imo
692 3149 823 3234 fluvio,
837 3151 895 3223 ubi
913 3147 1058 3224 confluit
1078 3149 1181 3222 altera
1196 3146 1302 3220 amnis
1323 3147 1367 3219 ad

393 3259 561 3334 summurn
587 3260 740 3352 flumen,
759 3263 820 3336 ubi
845 3261 892 3336 est
915 3261 1081 3335 Museum.
1101 3261 1240 3336 Circum
1268 3257 1369 3351 hujus

394 3368 483 3495 ripas
496 3370 681 3445 ambulatio
697 3370 756 3444 sub
777 3371 858 3458 dio,
876 3372 978 3468 pedes
1001 3358 1065 3442 lara
1087 3369 1204 3442 denos.
1228 3369 1281 3440 Ab
1302 3368 1368 3444 hac

396 3477 630 3551 ambulatione
651 3479 687 3552 in
703 3504 817 3578 agrurn
839 3478 974 3563 versus,
990 3474 1186 3549 ornithonis
1207 3474 1305 3548 locus
1321 3497 1367 3547 ex

396 3586 528 3659 duabus
542 3587 695 3683 partibus
705 3588 821 3685 dextra
837 3589 874 3663 δι
888 3586 1013 3659 finillra
1026 3585 1179 3659 maceriis
1193 3585 1267 3658 altis
1281 3610 1368 3659 con-

396 3697 518 3772 clusus.
543 3703 633 3772 Inter
648 3724 731 3799 quas
749 3700 869 3788 locus,
891 3698 951 3796 qui
973 3697 1028 3786 est¹
1043 3695 1260 3786 ornithonis,
1275 3713 1386 3792 patet·

398 3806 434 3877 in
460 3808 670 3893 latitudinem
688 3831 720 3892 Ρ,
734 3828 881 3898 mm,
898 3805 1105 3881 deformatus
1123 3809 1166 3880 'ad
1181 3808 1304 3879 tabulae
1323 3804 1368 3877 lr-
1469 3830 1487 3889 '.

397 3917 529 3992 terariae
549 3918 693 4019 speciem
709 3920 964 4020 cumcapitu10.
990 3923 1110 3995 Forma
1131 3943 1197 4014 qua
1220 3916 1266 3992 est
1284 3940 1368 4016 quae

1093 4031 1129 4102 0
1155 4029 1179 4122 4'

1438 4061 1449 4102 Ι
